3082 5054
135 307 197 371 255]
583 304 625 354 iv.
649 303 729 355 aetus
747 301 873 354 Romana.
1259 301 1320 363 379
1339 289 1342 298 ¹

136 395 289 404 *κ
904 391 948 397 -—-
967 390 1317 398 --.....--.....-...——-

135 512 197 576 der
219 509 490 574 Wissensohaiten
514 529 553 572 zu
576 501 746 590 Gitttinge'n
777 509 857 570 4865
888 527 920 571 n.
941 507 979 570 ti
1003 529 1036 590 p.
1056 509 1111 569 tot
1133 526 1203 588 sqq.
1239 506 1320 568 1867

135 633 172 679 ιι.
190 613 236 698 9).
284 615 316 676 Ρ.
341 614 473 676 Fouoart
495 611 535 674 ad
557 613 657 676 Lebas
680 613 759 692 tieg.
785 621 816 674 et
839 613 942 693 Pelop.
970 612 1076 674 itio:

220 814 305 882 Ἐπεὶ
332 814 500 902 ΝεμέμιοςΙ
530 815 581 882 καὶ
610 812 756 902 Μάαρκος
784 813 958 895 Κλοοὶτιοιλ,
991 801 1140 900 Napepton
1162 807 1221 894 tot,
1241 810 1321 878 ‘Po-

224 921 319 1006 μαῖοι,
347 917 352 1005 Ι
379 920 408 983 οἱ
432 913 569 1005 πρόξενοι
596 918 647 984 καλ
677 915 831 1006 εὐεργέται
858 921 911 991 τᾶς
938 913 1047 990 πόλεος
1073 913 1172 1002 ἁμῶν,
1202 907 1320 981 isoio

225 1023 440 1102 διαΙτετέλεκαν
462 1015 499 1086 τὰ
523 1021 624 1087 δίκαια
644 1007 797 1095 ποιοῦντες
823 1025 874 1086 τᾰι
901 1045 933 1086 τε
954 1016 1041 1086 πόλει
1062 1018 1114 1084 καλ
1141 1016 1207 1085 κατ’
1224 1105 1227 1112 Δ
1243 1019 1320 1085 ἰδίαν

195 1125 303 1210 ολτοῖς
325 1119 551 1211 ἑντονχάνοοοιν
581 1121 681 1198 αὐτοῖς
708 1129 764 1191 τῶν
793 1127 930 1205 πολιτᾶν,
964 1125 1094 1196 οποοδῶς
1123 1119 1174 1187 καὶ
1196 1122 1321 1209 φιλολοι-

224 1229 294 1314 μίας
315 1224 406 1294 oties
429 1226 620 1310 ὲνλείποντες,
646 1223 719 1314 ὑπὲρ
741 1221 781 1292 ῶν
803 1227 854 1293 καλ
876 1221 947 1313 παρ’
969 1222 1076 1298 αι’ντοιλς
1089 1222 1157 1299 τοὺς
1172 1222 1321 1312 καμλλροὺς

223 1328 244 1396 ἃ
270 1327 356 1404 πόλις
392 1326 614 1417 εὔχαριοτοῶοα
644 1331 747 1416 μνείαν
775 1329 966 1415 ποιησαμένα
998 1330 1063 1402 ταῖς
1095 1325 1322 1415 κολθηλιῴόοαις

224 1431 331 1507 αὐτοὺς
354 1429 519 1519 ἐκόσμησεν
545 1434 662 1518 τιμαῖς,
694 1433 780 1498 ἔντε
801 1437 858 1497 τῶι
879 1428 926 1498 ἐπὶ
947 1427 1136 1518 Λαχοὶριο[ςλ
1154 1430 1159 1517 Ι
1179 1433 1323 1516 ἐμιαοτῶι

222 1536 296 1602 οιαὶ4
316 1527 367 1602 δ’τε
388 1535 457 1624 περὶ
479 1539 531 1601 τοῶ
553 1531 673 1623 πρῶτοο
703 1536 823 1600 δανείου
848 1530 901 1600 τὰν
929 1529 1012 1601 λόοιν
1041 1536 1236 1621 ἐποιοῶνι[το],
1270 1534 1322 1599 καλ

153 1667 159 1678 ·
181 1641 255 1706 1οἐν
277 1643 333 1704 τῶι
354 1635 402 1704 ἐπὶ
424 1637 580 1726 Φληΐνοοῦ
602 1637 635 1704 δὲ
657 1639 815 1718 ἐνιαυτῶι,
839 1629 890 1703 δτι
911 1635 979 1724 περὶ
1000 1641 1053 1702 τοῶ
1076 1629 1169 1702 ἄλλου
1193 1635 1321 1724 δαλλνιίοο

222 1748 275 1808 τοῶ
296 1745 349 1808 τῶν
370 1745 536 1830 τριςχιλιδιν
553 1739 610 1807 οιαὶ
633 1742 791 1806 ἑναιιοοιῶιν
813 1737 955 1827 ἑξήκοντα
976 1742 1064 1806 πέντε
1083 1739 1089 1827 Ι
1106 1742 1258 1827 δραχμῶν,
1286 1733 1321 1804 ἄν

224 1847 398 1912 ἐδανείσατο
422 1840 442 1910 ἃ
463 1841 548 1917 πόλις
571 1845 602 1909 ἐν
625 1849 682 1908 τῶι
695 1842 744 1909 ἐπὶ
759 1845 961 1930 Δομαρμένοο
980 1843 985 1930 1
1005 1845 1155 1926 ἑνιαοτῶι,
1182 1838 1323 1928 λαβόντες

225 1946 272 2016 ἐπὶ
294 1947 484 2036 Μαρκιλίοοθ
510 1944 611 2034 κριτὰν
637 1943 804 2032 Ἀθηναίων
828 1947 962 2032 δδιξμονῖ,
993 1945 1237 2033 παρακληθέντες
1267 1939 1322 2011 ὑπὸ

222 2057 280 2117 τῶν
303 2053 426 2116 πολιτᾶν
443 2047 666 2138 συνεχώρησαν,
692 2042 772 2134 ῶςλτε
793 2049 979 2134 κομίσασθαι
992 2039 1063 2114 ὅσον
1078 2049 1200 2116 ἔπεισαν
1217 2044 1324 2122 αιἰτοιλς

185 2173 215 2223 15
228 2157 256 2220 οἱ
278 2155 405 2235 πολῖται,
430 2151 480 2218 καὶ
503 2156 534 2219 ἐν
556 2156 612 2218 τῶι
625 2152 635 2231 Ιλ
650 2151 698 2218 ἐπὶ
720 2147 822 2217 Βιάδα
845 2151 878 2216 δὲ
900 2153 1047 2230 ἐνιαυτῶι,
1071 2145 1121 2216 ‘dte
1138 2151 1216 2216 ἰδίαν
1235 2147 1324 2239 χάριν

208 2468 323 2518 Litterae
348 2465 459 2516 ΘΞΠΣ.’
558 2467 568 2512 t
596 2463 669 2515 iiaeo
690 2466 732 2514 est
754 2462 938 2527 praenominis
958 2462 1098 2512 Nestorius
1116 2463 1246 2528 scriptura
1265 2467 1324 2514 usi-

137 2557 192 2607 tata
210 2551 283 2618 apud
300 2551 416 2602 Graeoos
435 2549 560 2612 (tiermes
579 2549 614 2600 Vi
632 2561 659 2615 p.
675 2549 745 2611 itti).
834 2547 965 2598 alierum
983 2559 1091 2599 nomen.
1129 2547 1261 2599 cloatinm
1279 2563 1323 2600 ar·
1376 2615 1380 2622 ⁸

138 2640 289 2692 ohiteotum
307 2637 379 2702 apud
397 2635 451 2686 Cia.
472 2635 506 2687 ad
524 2637 578 2686 stt.
597 2635 657 2696 xit,
678 2635 721 2695 ts,
741 2637 767 2684 t.
787 2635 829 2692 tt,
850 2635 875 2692 s,
896 2631 1027 2684 Cioatimu
1045 2633 1147 2684 Veram
1164 2637 1324 2698 grammati·

138 2737 202 2777 cum
220 2721 293 2790 apud
317 2721 432 2785 Festum,
461 2720 585 2784 Gellium,
614 2719 781 2771 mosonium
805 2719 1023 2779 commemorari,
1049 2720 1077 2769 in
1101 2719 1334 2786 inscriptionibus·

140 2821 337 2874 noununquam
358 2807 487 2859 Ctooatitta
504 2809 531 2858 et
545 2805 662 2857 Cloatius
679 2803 761 2857 scribi
779 2805 885 2856 monuit
902 2805 928 2854 S.
1003 2853 1007 2860 ,
1035 2805 1239 2868 tiiegistratus
1257 2819 1324 2873 epo-

140 2905 237 2961 nymos
266 2895 347 2945 huius
375 2893 446 2943 tituli
475 2893 647 2958 aliorumque
673 2890 802 2942 similium
832 2893 970 2956 praetores
1001 2887 1174 2961 (στρατηγοὺς)
1207 2891 1324 2945 ioederia

138 2977 490 3033 Eleutherolaoonum-esse
507 2976 704 3030 demonstravit
722 2977 836 3027 Fouoart
858 2975 894 3027 ad
912 2976 997 3027 Lebas
1019 2975 1042 3052 ii
1060 2989 1086 3040 p.
1102 2981 1160 3029 ttt.
1197 2977 1266 3030 Nam
1284 2981 1323 3030 ei-

139 3067 236 3118 vitatea
255 3064 412 3124 maritimas,
433 3075 500 3128 quas
518 3063 664 3115 Pausanias
683 3063 726 3124 111,
748 3067 790 3124 st,
812 3065 826 3112 6
845 3075 910 3114 saue
927 3060 962 3112 ab
980 3061 1098 3126 Augusto
1117 3063 1228 3114 demum
1242 3065 1324 3130 spar-

108 3217 111 3222 .
139 3155 264 3203 tenorum
292 3151 405 3214 imperio
424 3149 550 3201 liberatas
577 3151 677 3212 narrat,
706 3161 740 3199 ex
769 3149 1009 3212 titutisappaaere
1033 3148 1087 3201 iam
1106 3151 1168 3199 ante
1186 3161 1250 3200 eum
1270 3163 1323 3202 non

116 3237 222 3288 ·modo
240 3239 283 3287 sut
302 3235 369 3286 iuris
387 3234 470 3286 tuisse
488 3233 634 3286 sedetiam
652 3233 761 3285 foedere
779 3234 946 3285 oouiunoias.
973 3233 1061 3285 Unum
1079 3237 1208 3300 temporis
1226 3236 1324 3288 disort-

140 3335 202 3374 men
214 3321 365 3372 observari:
384 3307 644 3391 'Eitoittpoiasdsn's
657 3321 766 3370 nomine
778 3331 826 3370 eos
838 3319 951 3383 Augusti
969 3317 1080 3370 demum
1098 3323 1185 3372 aetate
1204 3323 1242 3373 uti
1261 3335 1325 3374 one-

139 3409 222 3474 pisse,
242 3419 325 3472 quum
339 3408 417 3456 antee
429 3401 458 3456 τδ
469 3403 554 3457 κοινδν
566 3411 617 3474 τῶν
629 3401 838 3474 Λακεδαιμονίων
851 3403 953 3456 inisset.
1025 3407 1039 3456 t
1056 3405 1215 3458 Partiouiam
1234 3411 1325 3472 eptem

140 3505 194 3546 non
213 3503 274 3544 esse
292 3491 360 3542 vidit
377 3491 404 3542 8.
424 3503 512 3556 neque
525 3487 662 3556 quomodo
675 3491 804 3556 explicari
815 3491 901 3556 possit
917 3480 1161 3552 demonstravitt„
1182 3494 1232 3544 etsi
1244 3507 1325 3560 prae-

141 3577 223 3630 iraete
242 3580 333 3642 negat,
354 3589 473 3627 errorem
493 3576 625 3642 tapioidae
643 3577 816 3628 statuendum
835 3589 905 3628 ease.
986 3581 1000 3626 5
1019 3571 1124 3646 Φοήνοο
1143 3581 1189 3628 aut
1206 3573 1324 3633 Φιλεῑνοο

141 3662 287 3716 emendare
305 3665 418 3713 oonstus
442 3665 484 3713 est
501 3663 622 3729 Sauppe,
645 3663 694 3714 sed
712 3661 780 3713 iliud
798 3663 825 3713 in
844 3659 930 3728 lapide
949 3675 1008 3714 esse
1026 3662 1135 3714 definita
1153 3667 1266 3715 testatur
1284 3667 1322 3730 1²..

142 3761 230 3814 neque
248 3748 322 3814 quod
340 3747 414 3812 origo
432 3749 549 3798 nominis
562 3747 626 3800 iatet
637 3749 703 3800 setis
720 3761 815 3800 causae
833 3751 875 3800 est
892 3761 942 3799 cur
961 3747 988 3799 id
1006 3747 1088 3799 iutase
1106 3749 1135 3799 in
1153 3749 1255 3801 Graeca
1274 3749 1325 3802 tin-

141 3849 193 3900 gua
213 3845 350 3899 negamus.
424 3833 639 3898 dtisgistratum
658 3847 823 3899 eponymum
842 3833 1034 3901 Gytheatarum
1054 3831 1116 3898 (vei,
1137 3837 1167 3886 ut
1179 3835 1206 3886 ii.
1221 3835 1322 3899 docuit,

142 3919 422 3982 Eleutheroteoonum)
452 3919 497 3970 hio
526 3919 606 3970 etism
632 3931 777 3984 agnoscere
804 3919 855 3972 sibi
882 3921 957 3971 visus
983 3922 1025 3972 est
1047 3919 1074 3970 S.
1111 3921 1144 3970 At
1161 3921 1189 3974 F.
1209 3924 1322 3984 monuit,

142 4008 201 4058 sine
228 4004 312 4056 dubio
339 4003 458 4056 eundem
484 4005 513 4058 L.
541 4005 691 4056 Marcilium
720 4004 944 4071 intellegendum,
971 4019 1052 4072 quem
1079 4005 1212 4058 habemus
1239 4022 1264 4058 v.
1282 4013 1322 4072 te,

143 4094 327 4157 magistratum
346 4093 506 4144 itomanam.
543 4091 564 4142 Α
582 4105 637 4158 quo
655 4103 717 4143 oum
735 4091 850 4142 arbitrus
867 4092 922 4142 titis
940 4093 1012 4143 inter
1028 4103 1057 4142 se
1075 4093 1102 4142 et
1119 4091 1237 4144 Cloatios
1251 4099 1324 4146 ortae

142 4179 301 4243 petivissent
319 4177 477 4242 Gytheatee,
497 4176 541 4229 iiie
559 4177 764 4228 Atheniensium
782 4178 920 4228 civitatem
938 4177 1023 4228 dedit.
1095 4181 1109 4228 7
1128 4178 1269 4240 Quomodo
1282 4181 1325 4231 iu·

143 4264 292 4316 dicaverint
310 4263 499 4325 Athenienses,
529 4275 582 4314 uon
601 4261 725 4314 refertur.
762 4261 815 4312 Sed
835 4267 954 4329 apparet,
976 4263 1121 4328 Gytheates
1147 4278 1227 4316 oansa
1254 4268 1326 4318 oeci-

142 4349 230 4413 disse,
250 4361 334 4414 quum
352 4347 492 4401 videamus
517 4361 546 4399 re
569 4348 718 4401 diiudicata
740 4360 787 4399 eos
805 4347 969 4400 Cloattorum
993 4349 1113 4415 ipsorum
1132 4351 1325 4417 indulgentiam

142 4435 311 4500 implorasse.
