3110 5056
257 333 324 394 248
771 329 835 378 Pars
852 329 935 393 prior.
1385 331 1445 394 (444

345 559 398 598 πεν
426 533 468 604 εἰς
497 527 550 616 τήν
575 528 675 596 Ἀσίαν
707 531 758 595 καὶ
784 531 1058 616 συνδιεπολέρησ(εν
1085 529 1153 616 olleo
1183 529 1313 619 πόλεμον
1340 531 1390 599 τὸν
1414 537 1445 600 ἐν

347 632 495 722 Κύπριοι4
529 633 580 699 καλ
607 634 715 720 ἔλαβεν
729 625 887 720 Ἅγνωναῦ
915 632 964 700 τὸν
991 629 1109 720 ΊῙήιοῙΙν
1132 635 1183 701 καλ
1211 633 1264 709 τὰς
1292 641 1365 710 ναῦς
1393 635 1446 710 τὰς

307 756 338 805 44
349 735 415 824 per’
442 733 544 818 αιἰτοῖι,
571 735 622 801 καὶ
644 735 694 801 ἐπὶ
718 732 926 823 Πραξιβοιῖλου
949 729 1147 824 ἄρχον(τ]((οςθ,
1176 735 1365 804 Γλαυνέτουῖ
1389 765 1446 805 κα-

346 836 527 926 θειληφὸτος
550 837 669 905 Κύδνον
692 837 742 904 καλ
763 836 992 925 καταγαγόντζος
1020 839 1155 906 ἐντεῦθεν
1185 837 1223 905 τὰ
1248 843 1359 924 πλοῖα,
1391 839 1445 928 τήν
1468 823 1474 836 ’

345 969 377 1010 τε
404 940 490 1008 πόλιν
520 943 628 1029 ἔλαβεν
657 942 710 1008 καλ
733 937 821 1008 αὐτὸν
841 939 846 1027 1
866 941 1037 1027 Γλαυκέτην
1066 943 1118 1008 καλ
1146 939 1185 1008 τὰ
1204 947 1296 1009 πλοῖα
1316 941 1355 1010 τὰ
1378 942 1441 1030 μετ’

347 1041 470 1128 αὖτοῦθ,
496 1045 548 1110 καὶ
569 1039 802 1131 παρεοιιεό(ασσν
825 1040 994 1131 ἀσφάλειαν
1024 1049 1085 1118 τοῖς
1106 1048 1231 1112 πλέουσι
1251 1044 1304 1132 τὴν
1328 1043 1446 1113 θάλατ-

307 1161 417 1213 45ταν·
449 1143 657 1234 ΚασΙσάνδρου
684 1146 718 1211 δὲ
745 1150 973 1234 πολιορκοῦντος
992 1145 1116 1234 Ὠρεὸν9
1145 1145 1323 1224 ἀποσταλεὶς
1347 1150 1448 1238 σήρα-

345 1249 435 1336 τγγὸς
457 1249 506 1315 ἐπὶ
528 1254 585 1316 τῶν
608 1255 683 1315 νεῶν
699 1253 755 1315 τῶν
770 1256 823 1335 τῆς
837 1247 1036 1324 πόλιοατοδς
1050 1252 1174 1324 πολίτας
1192 1251 1197 1340 Ι
1217 1248 1286 1325 τούς
1300 1253 1447 1326 πλέοντας

346 1355 377 1418 ἐν
400 1355 465 1426 ταῖς
487 1352 589 1418 ναυσὶν
611 1350 812 1439 παραιτήσατο
835 1347 909 1426 ὥςτε
934 1354 1018 1436 [ollulis
1042 1349 1209 1442 συμμάχων
1233 1350 1340 1440 μόνους
1353 1352 1447 1442 Ἀθη-

346 1455 446 1528 ναίους
469 1451 714 1542 ἀλειτουργήτους
734 1459 739 1535 1
759 1455 837 1522 εἶναι
858 1461 913 1521 τιῖιν
941 1457 1036 1542 ἔργον
1068 1462 1123 1522 τῶν
1146 1453 1219 1544 πρὸς
1240 1455 1294 1544 τὴν
1315 1461 1447 1545 πολιορ-

347 1559 429 1622 κίαν·
467 1557 520 1622 καὶ
554 1554 650 1642 αιἰΙτὸς
684 1557 717 1622 δὲ
746 1557 879 1645 Φαῖδρος
911 1555 963 1644 τὴν
998 1555 1091 1644 αὐτὴν
1124 1559 1238 1646 αἵρεσιν
1270 1561 1350 1646 ἔχων
1384 1563 1446 1634 τοῖς

304 1656 581 1746 44προγό((<γο>νοις
613 1664 815 1728 insterilem
851 1659 958 1728 ἑαυτὸν
998 1654 1080 1734 ἄξιον
1113 1660 1361 1748 παρασκευάζοιΙν
1393 1669 1445 1749 τῆς

421 1801 575 1811 —n—.-..

261 1889 383 1948 testatur,
404 1888 453 1937 etsi
470 1887 543 1938 idem
562 1885 601 1952 §t
621 1885 667 1936 ubi
680 1885 714 1937 de
731 1887 922 1952 exsculpendis
940 1887 1095 1938 nominibus
1113 1887 1185 1948 dicit,
1206 1899 1271 1938 sane
1290 1888 1445 1954 Philippum

261 1973 373 2036 eiusque
391 1971 506 2022 maiores
530 1972 603 2023 solos
627 1977 829 2022 commemorat.
867 1973 968 2032 Quodsi
993 1985 1104 2024 necesse
1122 1985 1175 2024 uon
1194 1977 1236 2024 est
1253 1973 1378 2038 Antigoni
1396 1987 1446 2024 no-

261 2069 324 2108 men
343 2069 483 2122 reponere,
504 2057 630 2108 lllueberi
642 2058 774 2108 rationem
791 2057 975 2123 praeleremus
992 2059 1055 2121 quta
1072 2059 1112 2108 sic
1128 2071 1182 2108 non
1200 2071 1269 2123 opus
1287 2062 1329 2108 est
1344 2059 1445 2109 bollum

261 2143 389 2208 Cyprium
406 2144 564 2207 ceteroquin
587 2143 666 2208 plene
686 2145 806 2208 ignotum
824 2143 939 2207 fingere;
966 2156 1054 2208 neque
1072 2143 1283 2206 intellegeretur,
1309 2135 1444 2208 q'uomodo

261 2227 360 2280 lactum
379 2231 460 2293 essct,
478 2231 509 2279 ut
526 2227 705 2280 Athenienses
722 2242 745 2279 e.
768 2233 813 2278 444
830 2244 855 2280 e.
870 2229 933 2280 Chr.
959 2230 1121 2293 Antigonum
1139 2229 1311 2294 potissimum
1329 2229 1446 2280 navibus

261 2314 431 2365 adiuvarent.
487 2316 500 2362 4
520 2315 559 2365 01.
581 2317 639 2378 tlt,
661 2317 673 2363 4
696 2303 780 2382 (44444
793 2329 818 2366 e.
830 2315 902 2376 Chr.)
924 2316 1087 2378 Antigonum
1105 2317 1198 2364 contre
1211 2313 1355 2365 Perdiccae
1374 2315 1447 2366 cles-

262 2411 335 2457 sem,
355 2401 399 2449 cui
418 2397 510 2463 liegno
528 2399 702 2464 praefuisset,
727 2399 842 2452 feliciter
863 2397 996 2466 pugnasse
1015 2399 1188 2468 Cyprumque
1207 2399 1311 2464 cepisse
1330 2400 1447 2450 coniecit

264 2485 396 2549 Droysen.
432 2485 485 2536 Sed
510 2472 705 2536 verisimilius
729 2489 770 2536 est
795 2485 836 2547 (cl.
857 2490 913 2538 not.
934 2489 959 2548 4(
983 2485 1017 2536 ad
1040 2487 1188 2536 certamine
1206 2487 1269 2534 anni
1288 2483 1327 2534 04.
1350 2488 1409 2544 444,
1431 2491 1441 2532 t
1539 2485 1540 2488 ’

266 2568 350 2637 (444(4
369 2585 394 2622 a.
414 2571 488 2634 Chr.)
506 2571 572 2622 haec
590 2570 731 2622 referende
748 2585 812 2622 cum
832 2571 974 2623 Kluelaero.
1013 2571 1080 2621 'lum
1104 2573 1177 2622 enim
1194 2569 1338 2621 Seleucum
1355 2570 1446 2620 Ptole-

262 2669 426 2720 maeumque
444 2657 530 2707 classe
548 2659 642 2707 contra
660 2651 822 2720 Antigonum
841 2657 913 2708 circe
931 2656 1050 2722 Cyprum
1069 2655 1169 2706 bollum
1188 2656 1302 2720 gessisse
1327 2659 1444 2708 constat.

262 2743 334 2804 Quos
351 2743 457 2794 adiutos
476 2755 535 2794 esse
553 2741 697 2810 Cassandri
715 2745 742 2792 et
760 2741 963 2794 Atheniensium
983 2743 1098 2793 navibus
1121 2753 1154 2792 ex
1171 2742 1223 2792 hoc
1240 2741 1319 2792 tilulo
1337 2741 1448 2806 collegit

263 2829 304 2878 ιιι.
376 2831 390 2878 r
410 2827 448 2878 cr.
468 2828 537 2878 νιιι.
557 2827 630 2878 nex.
652 2831 683 2876 ιι
702 2825 756 2879 emt
773 2825 802 2878 ιι
819 2824 878 2886 τοις
895 2826 953 2896 περι
969 2825 1046 2879 aaut
1064 2821 1329 2896 supernitentem)
1347 2825 1447 2878 παια-
1538 2807 1539 2823 ¹

262 2927 336 2964 παοιν
355 2907 576 2982 ἐνιττθρυρηνιότιῖς
593 2910 637 2964 οιαὶ
654 2909 792 2981 φορτικοὺς
808 2915 865 2970 ταῖς
889 2910 994 2970 διαίταις
1011 2912 1055 2965 οιαὶ
1072 2909 1247 2968 πολυτελείαις
1270 2907 1359 2973 ὄντας,
1385 2911 1448 2970 ὥστε

257 2988 379 3068 Ἅγνωνα
403 2997 450 3065 μὲν
467 2995 510 3049 τὸν
528 2993 605 3066 Τήιον
633 2995 757 3067 ἀργυροῦς
784 2996 811 3049 ἐν
836 3000 893 3056 ταῖς
918 3001 1040 3066 κρηπῖσιν
1066 2995 1147 3066 ἥλους
1174 2999 1261 3066 φορεῖν
1282 2996 1325 3060 (cl.
1345 3010 1370 3048 c.
1390 2999 1447 3058 til.

262 3084 412 3136 Nummum
434 3084 559 3147 (llionnet
577 3085 626 3145 Vl,
648 3083 706 3144 444)
735 3075 840 3135 ex'stsre
859 3085 1018 3148 inscriptum
1037 3073 1139 3154 Ἅγνων
1163 3078 1250 3150 Τηῖαν
1275 3084 1382 3133 monuit
1405 3083 1447 3136 iu.
1537 3083 1538 3110 ³

263 3169 333 3221 Tum
354 3169 412 3230 (444
436 3183 461 3220 e.
486 3167 558 3230 Chr.)
587 3168 743 3219 nonsrohus
769 3169 893 3233 Antigoni
921 3167 1002 3220 inisse
1032 3170 1147 3220 videtur.
1256 3167 1331 3232 494.
1352 3171 1449 3232 4444

263 3251 346 3320 (44414
366 3269 389 3305 a.
410 3255 492 3316 Clari.
563 3257 577 3302 4
597 3254 667 3304 Parti
686 3255 880 3319 quinquaginta
899 3256 1008 3306 navium
1027 3255 1062 3305 eb
1075 3255 1208 3317 Antigono
1220 3255 1255 3304 ed
1269 3253 1450 3320 Peloponnesi

264 3351 339 3391 orem
359 3342 503 3391 missarum
523 3339 641 3402 (iliodor.
663 3340 735 3400 XIX,
757 3340 798 3402 44]
819 3339 897 3390 huuc
911 3339 1059 3404 praeterisse
1081 3341 1235 3404 suspicetur
1252 3340 1293 3390 Kl.
1330 3339 1451 3404 Droyee·

264 3437 316 3475 nus
339 3439 447 3490 quoquc
467 3423 562 3477 Gesch.
591 3425 640 3475 des
660 3424 728 3476 Heli.
748 3425 786 3487 11,
807 3427 895 3486 4,.44
919 3437 984 3475 eum
1000 3427 1126 3490 Antigoni
1149 3425 1317 3476 nauarchum
1336 3425 1449 3478 iudicat.

263 3513 297 3562 At
314 3511 456 3589 Glaucetas
475 3525 529 3562 non
547 3523 630 3562 naves
649 3509 741 3575 longus
760 3509 864 3572 habuit,
885 3509 934 3561 sed
952 3506 1031 3562 πλοῖα
1052 3511 1085 3572 (ν.
1107 3514 1159 3572 til,
1185 3513 1215 3561 ut
1232 3515 1362 3576 apparent
1385 3523 1451 3563 eum

263 3596 427 3662 praedonem
446 3596 537 3648 luisse.
609 3601 623 3648 4
642 3597 702 3649 Non
721 3609 791 3661 qaae
809 3599 927 3662 ceperat,
947 3595 995 3646 sed
1013 3596 1114 3660 quibus
1133 3599 1190 3662 ipse
1209 3609 1272 3646 cum
1290 3598 1348 3648 suia
1366 3597 1453 3648 velte-

263 3681 351 3732 batur.
424 3681 495 3734 thl.
516 3683 624 3734 Diodor.
645 3681 715 3742 xix,
737 3687 783 3732 to:
811 3677 947 3742 ἀναζεύξας
965 3677 1010 3732 οὖν
1029 3675 1211 3752 (Κάσσανδρος)
1232 3679 1453 3750 percepissem

262 3773 326 3819 νεῶν
345 3765 382 3824 ete
401 3763 487 3834 Ὠρεὸν
506 3764 651 3835 ἐπολιόρκει
667 3765 715 3834 τὴν
733 3764 816 3818 πόλιν.
844 3764 951 3836 ἐνεργῶς
968 3763 998 3816 δ’
1016 3762 1093 3818 αὐτοῦ
1116 3769 1174 3823 ταῖς
1197 3763 1353 3834 προςβολαῖς
1378 3783 1453 3838 χρα-

264 3849 351 3921 paen,
373 3851 416 3904 ναὶ
432 3855 477 3904 τοῦ
495 3839 652 3920 ιδιλῖσματος
670 3850 722 3922 ἠδη
739 3851 806 3904 sord
823 3849 916 3922 κράτος
933 3848 1117 3918 ιλλισαυρένου,
1141 3849 1291 3921 παρεγένετο
1307 3829 1453 3920 βοηθήσων

262 3941 317 3996 τοῖς
335 3923 456 4006 Ὠρείταις
481 3934 642 4008 Τελεσφόρος
660 3936 707 4006 μὲν
726 3937 757 3990 te
774 3933 970 4004 Πελοποννήσου
995 3935 1060 4004 μετὰ
1081 3941 1144 3988 νεῶν
1168 3933 1251 3988 eleuet
1268 3935 1312 3988 οιαὶ
1330 3951 1455 4004 στρατια-

262 4029 312 4076 τῶν
330 4021 429 4096 χιλίαν,
449 4018 551 4091 Μήδιος
569 4019 596 4074 δ’
608 4021 639 4074 tu
656 4027 703 4091 τῆς
720 4017 807 4081 Ἀσίας
826 4021 893 4093 ἕχον
910 4025 972 4079 ναῖς
990 4019 1090 4074 ἑκατόν.
1111 4017 1181 4073 οὗτοι
1199 4012 1228 4071 δ’
1246 4018 1355 4090 δρῶντες
1373 4019 1453 4090 ἐφορ-

263 4107 359 4179 μούσας
376 4107 413 4178 πῷ
427 4105 512 4178 λιμένι
529 4106 574 4166 τὰς
590 4111 636 4160 τοῦ
655 4103 822 4180 Κασσάνδρου
839 4110 900 4166 ναῖις
918 4112 967 4179 πῦρ
985 4105 1089 4176 ίνῖριαν,
1108 4105 1153 4158 οιαὶ
1169 4104 1290 4174 τέτταρας
1308 4105 1356 4174 μὶν
1374 4104 1454 4158 κατί-

262 4211 370 4256 σιαυυαν,
390 4191 454 4261 παρ’
472 4192 556 4264 ὀλίγον
574 4192 603 4246 δὲ
620 4191 665 4246 οιαὶ
682 4191 765 4251 πάσας
784 4191 944 4264 διέφθειραν·
969 4196 1023 4251 τοῖς
1048 4184 1074 4242 δ’
1094 4189 1289 4260 ἐλαττουμένοις
1307 4207 1453 4262 παραγε-

263 4277 407 4348 νομένης
426 4276 587 4348 βοηδεδας
606 4275 797 4347 ἐξἈδηνῖεν
809 4275 967 4331 λπδπλσυσαν
980 4278 1005 4331 ολ
1017 4277 1075 4348 περὶ
1086 4272 1252 4348 Κάσσανδρον
1264 4279 1453 4347 καταφρονοῦσι

261 4367 317 4422 τοῖς
334 4361 480 4431 πολεμίους.
500 4362 672 4432 συμβαλόντες
689 4360 716 4416 δ’
734 4361 822 4423 αὐτοῖς
840 4363 899 4433 μίαν
917 4364 963 4435 pie
981 4363 1137 4427 ιιοπδδυσαν,
1162 4367 1231 4431 τρεῖς
1249 4359 1277 4414 δ’
1295 4359 1452 4431 αὐτάνδρους
1533 4403 1534 4417 ι

201 4507 209 4532 ⁸
265 4446 367 4519 ἔλαβον.
405 4451 487 4502 Gesta
504 4450 572 4502 haec
589 4455 653 4502 sunt
671 4449 709 4502 04.
732 4455 791 4514 444,
811 4453 826 4500 4
847 4449 938 4519 (titis
950 4465 978 4502 ε.
996 4451 1082 4512 Chri·
