3086 5066
97 351 157 416 aas]
570 353 603 402 ll.
628 351 680 402 lles
698 365 800 403 sacrae.
1215 355 1277 417 593

126 439 251 447 -—.--

183 555 283 643 μάχου
312 553 483 620 Ζακυνθίου
511 591 552 601 -
584 552 883 642 ἱερορνηλρονοόντοιν
912 555 1095 623 Αἰτωλῶν
1126 559 1274 640 Φίλωνος,

155 655 350 746 ειὈρθαίΙου,
378 657 554 742 Πουοοινίοι,
576 654 734 744 Ἀγελάου,
761 657 892 740 Βίωνος,
922 656 1050 748 Ἀγρίου,
1067 661 1077 746 ll
1093 657 1273 750 Εὖοτράτου,

185 759 368 848 Τιμαγόρου,
394 762 512 835 Λέωνος
533 799 576 810 -
598 761 747 849 Δελφῶν
770 757 945 846 Βούλωνος,
979 763 1127 864 Πυρρίνου
1149 803 1191 812 -
1213 765 1277 830 οἵδε

183 861 375 951 ἠγωνίσανλτο
396 861 445 930 τὸν
468 861 569 951 ἀγῶνα
590 870 648 932 τῶν
670 864 844 953 temptor·

144 985 174 1033 to
230 968 428 1056 ραψιυιδοί·
472 965 649 1056 Κλειτόριος
679 963 868 1056 ἈριΙοτείδου
897 967 1027 1057 Ἀρνλάς,
1068 966 1254 1057 Εὖ816δηρος
1269 973 1279 1058 ΙΙ

270 1067 410 1158 Χάρητος
428 1069 607 1159 Ἀθηναῖος8

226 1174 466 1260 κιθαρισταί·
496 1173 634 1248 Καλλίας
657 1173 826 1248 Πολυξένου
849 1173 1020 1262 Πελληνεύς

228 1277 477 1364 κιθαροιιδοί·
507 1275 640 1365 οροι..ς
662 1278 806 1344 Φιλίσκου
829 1277 998 1366 Μεσσήνιος

303 1378 435 1467 Χαρῖνος
458 1379 512 1446 Fe.
526 1432 533 1446 .
548 1405 627 1454 ,ντος
649 1379 812 1455 Βυζάντιος

303 1481 525 1572 Διονυσόδωρος
548 1481 704 1572 Πάρριδυς
722 1483 921 1575 Ἀβδηρίτης*

143 1603 173 1652 45
227 1581 411 1673 αὐληταί·
432 1579 564 1675 Ἄνδρων
587 1588 757 1661 Πολυξένου
781 1587 953 1676 Πελληνεύς

98 1835 213 1894 uterque
231 1829 370 1896 aliquanto
390 1832 549 1884 recentioris
566 1832 661 1882 aetatis
680 1835 736 1893 cst,
763 1833 839 1882 cuius
864 1832 892 1882 hi
915 1831 1028 1896 catalogi
1053 1846 1112 1884 esse
1130 1839 1275 1900 nequeunt.

97 1916 192 1981 Neque
209 1930 274 1968 vero
293 1919 344 1980 est,
363 1931 413 1969 cur
430 1921 558 1983 quartum
584 1917 721 1982 qnondam
739 1917 928 1969 Emmenidam
952 1917 1035 1969 fuisse
1059 1921 1208 1972 statuamus
1227 1921 1279 1970 illis

98 2005 177 2067 longe
201 2005 395 2069 antiquiorem:
422 2005 490 2054 Sane
509 2003 627 2055 haedere
651 2005 679 2054 et
702 2005 851 2055 Mommsen
875 2005 924 2056 has
949 2005 1054 2058 tabulas
1072 2007 1161 2071 priore
1178 2006 1278 2057 saeculi

98 2089 172 2140 tertii
190 2093 279 2156 parte,
307 2103 360 2141 non
384 2091 471 2141 multo
494 2093 555 2156 post
573 2089 693 2140 instituta
711 2091 813 2140 Soteris
835 2092 893 2155 (279
912 2105 936 2145 a.
957 2091 1030 2156 Chr.)
1058 2093 1156 2143 incisas
1174 2095 1276 2156 putant.

98 2177 132 2226 st
152 2175 179 2226 id
203 2177 322 2242 primum
340 2175 473 2227 refellitur
490 2189 587 2227 novem
607 2176 861 2226 hieromnemonum
879 2177 1063 2229 Aetolicorum
1081 2191 1210 2240 numero,
1231 2180 1277 2242 qui

98 2263 202 2326 optime
220 2264 346 2313 convenit
363 2263 470 2313 exeunti
489 2263 567 2313 tertio
585 2276 609 2312 a.
630 2262 692 2312 Chr.
712 2261 821 2313 saeculo
845 2263 871 2314 et
894 2263 988 2329 primis
1006 2265 1084 2316 annis
1101 2265 1213 2316 alterius
1233 2263 1276 2327 (cf.

98 2362 125 2397 n.
143 2352 200 2398 489.
217 2349 289 2412 itu),
309 2361 362 2398 non
381 2349 509 2400 convenit
526 2349 670 2412 antiquiori
690 2347 727 2398 illi
747 2349 828 2399 aetati
850 2347 893 2410 (cf.
908 2349 990 2414 itit).
1014 2350 1052 2400 Ac
1071 2363 1194 2413 magnam
1210 2352 1280 2400 inter

98 2435 175 2484 initia
202 2433 247 2485 ills
273 2433 401 2484 ludorum
428 2437 456 2484 et
482 2447 542 2485 eam
569 2436 647 2484 cuius
671 2433 698 2483 hi
721 2433 835 2498 catalogi
860 2437 924 2486 sunt
944 2437 1061 2486 aetatem
1091 2437 1278 2487 intercessisse

98 2522 219 2585 ipsarum
238 2519 365 2572 feriarum
384 2521 560 2571 mutationem
578 2519 750 2570 manifestum
769 2523 825 2584 est,
851 2522 902 2572 etsi
920 2521 1043 2572 homines
1061 2521 1133 2572 docti
1151 2534 1211 2571 eam
1230 2534 1279 2572 ne-

98 2605 251 2671 glexerunt:
278 2606 383 2672 Nempe
407 2607 478 2658 tituli
497 2609 545 2656 449
570 2609 598 2658 ο4
616 2609 664 2656 tto
684 2605 796 2668 docent,
824 2607 899 2658 initio
917 2607 1020 2658 Soteris
1038 2607 1149 2674 Delphis
1167 2608 1278 2672 quidem

98 2692 280 2756 habitasses,
301 2692 350 2743 sed
367 2692 568 2746 Aetolorum
586 2693 711 2754 nomine;
737 2691 782 2741 hic
805 2703 870 2742 vero
893 2695 1056 2759 praescripta
1080 2693 1279 2744 hieromnemo-

99 2791 167 2828 num
185 2779 294 2828 nomina
312 2779 423 2840 docem,
448 2777 713 2844 amphictionas
737 2779 778 2828 eis
795 2777 952 2843 praefuisse.
988 2779 1061 2840 Quae
1079 2781 1191 2831 mutatio
1211 2779 1279 2831 facta

99 2877 160 2916 csse
179 2866 271 2930 nequit
289 2867 434 2929 antequam
451 2864 665 2930 Amphictioniae
684 2863 829 2930 Delphicae
847 2865 989 2917 arbitrium
1008 2879 1091 2930 penes
1113 2879 1181 2917 unos
1199 2867 1280 2918 Aeto-

99 2950 141 3001 los
160 2953 245 3012 asset,
271 2951 290 3001 i.
309 2963 333 3002 e.
354 2954 417 3001 ante
434 2963 536 3002 annum
559 2955 609 3002 tte
627 2965 653 3004 a.
672 2949 735 3001 Chr.
763 2948 810 3013 (Ci.
832 2950 912 3014 f8t1).
949 2951 1043 3017 Neque
1066 2953 1123 3002 veri
1147 2951 1279 3004 dissimile

100 3040 151 3100 est,
172 3037 252 3087 simul
270 3035 352 3088 aliam
374 3037 448 3090 haud
472 3036 559 3088 levem
582 3050 640 3088 rem
659 3038 829 3089 immutatam
854 3049 926 3090 esse:
952 3039 1042 3090 Prisca
1060 3037 1106 3089 illa
1123 3039 1280 3091 Aetolorum

99 3124 204 3174 Soteris
222 3125 387 3188 penteterics
405 3123 514 3175 fuerunt
531 3122 575 3186 (cf.
591 3123 684 3188 ⁴⁵⁰¹⁰l;
704 3126 795 3176 contra
815 3137 846 3174 ex
864 3123 906 3174 his
924 3123 1052 3189 catalogis
1069 3125 1113 3175 vis
1130 3123 1188 3175 lieri
1200 3137 1280 3190 posse

98 3213 131 3260 ut
147 3211 336 3275 unusquisque
348 3224 364 3261 a
375 3212 498 3275 proximo
516 3211 599 3260 totius
617 3211 788 3274 quadriennii
806 3210 894 3276 spatio
913 3210 993 3262 distet
1011 3211 1162 3262 rectissime
1177 3213 1281 3262 monuit

99 3297 131 3346 Α.
152 3295 301 3346 Mommsen
328 3295 370 3361 (cl.
391 3301 445 3346 not.
468 3299 491 3345 6.
529 3295 566 3347 Ea
591 3309 620 3346 rc
645 3309 708 3348 sane
735 3297 890 3361 infringitur
911 3299 1111 3361 argumentum,
1136 3311 1191 3362 quo
1214 3309 1280 3348 usus

99 3393 163 3433 snm
182 3380 260 3446 titt).
286 3381 374 3442 Quare
397 3396 487 3434 annua
505 3379 574 3432 facts
593 3393 663 3444 esse,
689 3395 773 3447 quum
796 3397 861 3435 curs
880 3395 974 3434 corum
993 3382 1027 3434 ab
1044 3381 1144 3434 Aetolis
1163 3383 1198 3435 ed
1215 3383 1281 3434 Am·

98 3467 254 3534 phictionas
278 3466 486 3530 transferretur,
518 3467 591 3520 haud
614 3467 793 3534 improbabile
815 3471 864 3520 est.
910 3471 966 3520 lam
986 3483 1048 3520 cum
1072 3469 1135 3520 inde
1158 3467 1192 3519 ab
1215 3468 1281 3519 Em-

100 3552 211 3604 menidn
228 3551 283 3604 fere
308 3555 415 3618 triginta
438 3567 571 3606 annorum
595 3555 739 3605 archontes
762 3556 888 3606 continua
912 3556 983 3604 serie
1001 3555 1057 3604 noti
1075 3555 1130 3605 sint
1150 3555 1189 3618 (n.
1208 3554 1278 3619 tas),

100 3643 213 3706 apparet
238 3639 428 3704 Aristagoram,
455 3640 610 3702 cuondam,
641 3639 822 3691 Nicodamum
849 3637 980 3707 proximis
1007 3644 1086 3691 ante
1112 3654 1176 3692 eum
1203 3642 1281 3690 annis

100 3725 195 3776 fuisse.
265 3729 280 3774 4
299 3725 329 3774 ln
348 3725 461 3791 reliquis
478 3728 606 3791 quattuor
624 3725 762 3778 laterculis
780 3725 853 3776 idem
871 3729 921 3778 est.
953 3725 1013 3778 Non
1032 3727 1159 3777 sacerdos
1177 3726 1281 3792 Apolli-

101 3812 145 3862 nis
167 3810 267 3876 Pythii,
292 3811 342 3862 sed
364 3813 492 3878 princeps
514 3811 620 3877 collegii
645 3812 824 3864 technitarum
842 3812 1082 3876 Dionysiacornm,
1110 3813 1158 3876 qui
1181 3811 1281 3862 Bacchi

100 3897 254 3948 sacerdotio
271 3895 442 3961 fungebatur,
463 3897 659 3962 intellegendus
677 3901 727 3950 est.
755 3898 923 3960 Aristagorae
941 3911 1012 3948 anno
1030 3899 1054 3948 is
1071 3897 1152 3949 simul
1170 3897 1281 3948 histrio-

101 3985 146 4035 nis
168 3985 265 4034 comici
284 3983 373 4036 oltloio
391 3983 500 4036 functus
517 3985 558 4035 est
577 3983 860 4048 (Wescher-Fcucart
878 3985 903 4046 3,
925 3983 978 4046 te).
1106 3989 1120 4034 t
1140 3985 1205 4035 Item
1224 3983 1280 4034 bini

101 4071 167 4120 sunt
184 4069 360 4122 archontibus
377 4071 528 4134 Aristagora
546 4073 574 4120 et
591 4069 751 4123 Emmenida
771 4069 866 4134 (υἱ-Ε.
883 4071 907 4120 4.
923 4069 958 4132 tl,
979 4071 1033 4120 tres
1051 4069 1179 4121 archonte
1197 4070 1282 4124 Nico·

100 4155 185 4206 demo
205 4155 353 4219 (νὴ-144).
379 4155 445 4206 Nam
464 4169 526 4207 cum
544 4155 600 4207 fere
613 4155 641 4206 in
654 4157 780 4209 omnibus
798 4155 942 4221 generibus
960 4155 1026 4206 tales
1043 4169 1220 4208 numerorum
1239 4157 1281 4207 in·

101 4241 268 4292 constantiae
287 4241 443 4303 cernantur,
463 4254 517 4292 non
536 4245 578 4294 est
595 4255 646 4294 cur
663 4256 709 4295 eas
721 4257 783 4294 cum
796 4243 943 4295 Lnedereio
962 4241 1125 4306 quadratarii
1144 4243 1282 4294 erroribus

102 4325 265 4379 tribuamus.
328 4330 341 4377 4
355 4327 505 4393 Aristogore
518 4327 646 4379 archonte
658 4329 713 4380 duo
725 4331 788 4380 sunt
799 4327 958 4392 citharoedi,
973 4329 1037 4378 ilem
1049 4327 1104 4379 duo
1117 4329 1278 4392 citharistae,

102 4412 265 4465 Emmenids
288 4414 341 4466 duo
363 4413 525 4477 citharoedi,
551 4415 659 4465 omissis
682 4415 842 4478 citharistis;
869 4417 930 4468 vica
954 4429 1032 4468 versa
1051 4414 1193 4468 Nicodami
1211 4427 1281 4466 enno

102 4497 252 4551 citharoedi
271 4500 469 4564 desiderantur,
489 4512 560 4552 nnus
578 4501 725 4566 inscriptus
744 4503 785 4552 est
802 4501 951 4556 citharista.

158 4599 377 4652 hittenheim,
391 4599 487 4654 Sylloge.
1046 4609 1077 4655 ³8
