3086 5066
771 310 831 360 Pars
849 311 940 362 altera.

761 513 861 601 [ποη]·
892 513 1030 601 Κρίτων4
1050 513 1219 602 Ἐφεσίοις·

761 614 852 703 [libre
880 614 1018 706 Σώφιλος

764 716 944 808 Παράμονος
967 719 1114 808 Ναυαγῶι

763 819 848 888 forre·
873 820 1029 909 Ὀνήσιμος

761 923 984 1014 'srprc'orporrocl
1006 928 1196 994 Φιλοικείωι·

765 1025 850 1095 orte·
879 1027 1124 1116 Kollicrpcrror⁶

267 1165 492 1178 ----------
496 1126 648 1216 Ἐφήβοις
764 1131 905 1218 Σωγένης
927 1130 1152 1199 Φιλοδεσπότωι

264 1233 353 1316 [orte
382 1269 486 1282 -----
486 1233 494 1316 ]
762 1230 845 1300 bre·
869 1232 1035 1310 Ἑκαταῖος
1376 1257 1409 1306 io

264 1331 355 1419 [ὺπο·
384 1336 568 1419 unitum
761 1334 907 1425 Φιλήμων
930 1336 1101 1426 νεαλτερνς]7
1125 1339 1274 1427 Μιλησίαι

265 1433 363 1522 [Ἐπὶ
472 1435 702 1526 οὐλιέγένετο·ι
761 1435 847 1508 ὄντε·
876 1438 999 1530 Κράτης

263 1537 358 1625 [Ἐπὶ
379 1543 497 1627 ··-·o]o
525 1546 713 1610 ιτιιλαιιῖιι2
760 1541 844 1611 ὕπο·
869 1542 1034 1631 ’θνήσιμιις
1056 1546 1154 1631 evitis]

265 1797 291 1836 a.
306 1784 369 1838 Chr.
390 1797 444 1836 non
462 1785 539 1852 longa
556 1784 651 1838 abesse
669 1788 735 1839 satis
753 1790 835 1840 certis
853 1789 1020 1854 argumentis
1038 1787 1163 1854 probavit
1180 1788 1310 1841 licebler:
1330 1804 1451 1858 namque

266 1871 431 1924 recentiores
454 1885 514 1924 esse
532 1884 586 1923 non
603 1885 683 1939 posse
701 1875 812 1939 propter
830 1874 994 1928 Philemonis
1016 1875 1128 1926 minoris
1146 1889 1245 1926 nomen
1263 1889 1289 1927 v.
1311 1880 1339 1925 44
1361 1879 1451 1942 scrip-

265 1951 326 2010 tum'
344 1957 408 2020 (not.
429 1958 464 2021 4);
487 1971 575 2024 neque
592 1971 659 2009 vero
677 1959 763 2011 multo
780 1961 950 2026 antiquiores
968 1961 1163 2013 existimandos
1180 1974 1253 2024 esse,
1274 1965 1387 2028 propter
1405 1977 1451 2013 ra-

266 2045 367 2096 tionem
389 2057 459 2109 quoe
483 2044 548 2096 hnic
565 2042 713 2108 iregmento
731 2058 794 2096 cum
812 2059 840 2098 n.
860 2049 910 2097 449
929 2047 1109 2099 intercederet
1131 2045 1175 2110 (oi.
1196 2051 1251 2102 not.
1273 2051 1297 2098 4.
1318 2051 1344 2097 4.
1364 2045 1449 2110 4493).

265 2129 380 2182 Omnino
393 2143 613 2196 unamquamque
625 2131 781 2182 columnam
794 2131 850 2184 iere
864 2145 1060 2198 sexagenorum
1071 2145 1201 2184 versuum
1218 2132 1302 2184 fuisse
1315 2136 1343 2184 et
1354 2133 1453 2186 decem

264 2220 313 2268 eut
335 2217 480 2268 duodecim
504 2229 590 2268 ennes
613 2217 851 2283 comprehendisse
874 2218 971 2269 videri.
1014 2219 1117 2280 Quinos
1144 2223 1239 2285 poetas
1266 2216 1383 2284 singulis
1410 2219 1452 2272 ln-

264 2301 336 2354 bulis
363 2304 390 2353 in
408 2315 534 2354 senonem
553 2303 643 2354 missis
661 2305 780 2355 certasse
798 2303 843 2356 bic
860 2304 995 2357 ridemus.
1035 2304 1123 2370 alque
1141 2304 1215 2357 bunc
1232 2318 1336 2356 morem
1355 2307 1385 2356 in
1403 2318 1453 2356 co-

265 2389 381 2442 moediis
400 2389 454 2440 iem
472 2391 568 2454 quarto
580 2403 605 2439 a.
620 2389 683 2441 Chr.
698 2389 806 2442 soeculo
824 2389 941 2442 valuisse
957 2390 1036 2442 docet
1053 2389 1233 2455 fragmentum
1251 2389 1452 2442 didascalicum

267 2475 307 2527 oi.
329 2477 387 2538 444,
408 2479 432 2525 i.
454 2479 467 2524 4
488 2477 634 2540 (444-444
654 2490 678 2526 a.
699 2475 786 2539 Chul,
807 2477 969 2538 abietum,
989 2481 1020 2528 ut
1037 2477 1065 2526 in
1082 2477 1184 2542 tragico
1203 2475 1326 2528 eiusdem
1345 2477 1451 2528 saeculi

265 2562 385 2625 catalogo
398 2574 423 2612 n.
439 2563 499 2623 444,
514 2561 661 2612 numeralis
674 2558 812 2630 satrapes),
832 2557 937 2630 spicer),
956 2558 1087 2630 ritraprer)
1098 2559 1228 2630 sripturas)
1243 2563 1361 2628 ascripta
1374 2567 1450 2614 sunt.

267 2651 277 2696 4
300 2647 378 2699 Haud
396 2660 457 2700 mro
475 2648 627 2700 intermisse
645 2649 710 2698 sunt
726 2647 772 2699 illa
796 2650 885 2699 aetate
910 2650 1057 2700 certamina
1079 2648 1218 2711 sceenica,
1244 2660 1452 2713 nonnumquam
1533 2699 1534 2708 ³

265 2732 333 2784 odeo
350 2716 422 2784 binis
440 2733 569 2799 deinceps
586 2735 664 2784 annis
685 2733 721 2798 (n.
742 2736 791 2784 449
809 2733 859 2784 col.
881 2735 920 2797 ll,
942 2739 965 2786 4.
988 2735 1023 2798 4).
1060 2733 1451 2800 saepenominato
1533 2771 1534 2790 ,

268 2821 328 2882 oss,
349 2823 379 2868 94
390 2831 450 2884 sqq.
470 2817 515 2870 ναὶ
532 2815 644 2872 ἀνειπεῖν
662 2817 705 2873 τὸν
724 2817 847 2889 στέφανον
864 2822 953 2872 τοῦτον
970 2815 1110 2873 Διονυσίων
1126 2824 1176 2871 τῶν
1195 2816 1222 2871 ἐν
1242 2813 1372 2888 Σαλαμῖνι
1387 2835 1452 2889 τρα-
1533 2867 1534 2890 ,

265 2903 358 2976 νψλοῐς
376 2903 452 2956 ὅταν
470 2909 601 2974 πρῶτον
626 2903 758 2975 γίνηται
775 2907 883 2956 monuit
901 2905 1025 2960 lioebler.
1112 2909 1126 2954 2
1145 2906 1228 2956 Annis
1247 2909 1384 2958 445-454
1404 2905 1452 2956 hio
1533 2911 1534 2916 ’

264 3003 332 3042 usus
349 2991 376 3040 in
394 2991 543 3042 comoediis
561 2991 683 3043 nondum
701 2993 759 3043 erat
779 2991 816 3055 (C.
838 2993 858 3042 1.
879 2993 910 3045 G.
930 2993 1001 3057 444).
1039 2991 1142 3042 lionuit
1161 2991 1277 3044 lioehler
1293 3004 1364 3056 quae
1387 2994 1451 3043 ‘ow

265 3075 363 3140 ttqttec'
387 3077 543 3128 comoediae
566 3079 676 3128 saeculo
699 3079 780 3128 terlio
802 3079 917 3128 exeunte
940 3082 968 3129 et
990 3077 1110 3130 secundo
1135 3078 1244 3127 ineunte
1268 3079 1296 3127 in
1319 3089 1451 3128 scaenam

264 3163 366 3214 relatae
384 3163 429 3214 hic
447 3166 662 3228 recenserentur,
682 3175 776 3214 omnes
793 3165 936 3230 poetarum
955 3177 1039 3214 novoe
1057 3175 1138 3228 quem
1156 3161 1272 3213 dicimus
1289 3163 1451 3214 comoediae

267 3247 425 3313 (Menandri,
446 3249 611 3315 Philippidis,
633 3249 776 3316 Posidippi)
799 3261 874 3314 esse;
894 3248 1000 3300 mediae
1011 3249 1168 3301 comoediae
1187 3261 1241 3298 non
1260 3249 1344 3312 magis
1362 3249 1450 3299 ratio-

265 3347 328 3385 nem
350 3333 469 3386 habilem
493 3349 575 3401 quem
598 3335 707 3386 veteris.
744 3333 833 3395 Quare
856 3333 1058 3386 distinctionem
1081 3337 1151 3386 inter
1168 3335 1286 3386 mediam
1304 3336 1332 3384 et
1348 3345 1450 3384 novam
1533 3315 1534 3384 Ῐ

264 3419 317 3474 sibi
335 3419 370 3472 ab
389 3421 441 3473 boc
458 3424 517 3488 ipse
535 3435 649 3474 scaenae
667 3433 720 3473 usu
737 3417 888 3486 proiectum
905 3419 1002 3471 videri.
1075 3419 1155 3472 eci.
1174 3420 1296 3472 lleinelre
1315 3419 1341 3470 i.
1362 3419 1392 3471 G.
1413 3421 1449 3471 lv

264 3521 291 3573 p.
313 3510 361 3558 444
380 3520 440 3573 sqq.
529 3511 543 3558 4
562 3507 690 3560 Eiusdem
709 3507 803 3574 poetee
822 3519 921 3558 nomen
940 3505 1011 3557 redit
1029 3509 1088 3570 449,
1110 3510 1151 3568 44,
1171 3505 1244 3558 unde
1261 3509 1375 3572 apparet
1392 3519 1449 3556 non
1533 3505 1534 3578 J

264 3592 378 3644 nimium
391 3595 521 3660 temporis
533 3593 705 3646 intervallum
719 3597 788 3644 inter
800 3606 831 3645 ea
844 3605 914 3658 quae
927 3591 972 3644 bic
985 3597 1012 3644 94
1030 3592 1085 3644 44449
1103 3595 1277 3644 recensentur
1295 3593 1450 3642 certamine
1533 3603 1534 3628 ³

264 3679 443 3732 intercedere.
482 3681 512 3732 li.
550 3680 675 3732 Ceterum
698 3680 732 3732 de
754 3679 861 3731 Critone
881 3679 991 3746 ignobili
1018 3681 1095 3746 poeta
1114 3691 1201 3730 novae
1225 3677 1384 3729 comoediae
1410 3678 1447 3728 cl.
1533 3677 1534 3748 j

264 3765 385 3818 blaineis
404 3767 430 3818 F.
450 3765 479 3818 G.
500 3769 510 3817 l
529 3779 555 3832 p.
577 3767 635 3820 444.
713 3764 786 3818 tCi.
801 3765 923 3818 lleinelre
942 3767 968 3820 F.
989 3766 1018 3818 C.
1040 3767 1049 3815 l
1068 3777 1093 3830 p.
1110 3767 1169 3814 499.
1242 3765 1304 3814 tiln
1324 3763 1450 3828 catalogo
1533 3767 1534 3828 ζ

208 3928 211 3936 Ι
263 3865 359 3903 eorum
383 3853 428 3916 qni
453 3853 481 3903 in
505 3851 660 3904 Charitesiis
683 3851 926 3904 Orchomeniorum
949 3853 1072 3902 vicerant
1095 3849 1124 3901 C.
1151 3851 1170 3900 l.
1197 3849 1228 3900 G.
1255 3852 1336 3912 4494,
1363 3862 1449 3915 quem

263 3937 416 3990 Boeclrhius
435 3939 511 3991 initio
530 3937 642 3991 moundi
660 3953 686 3991 a.
706 3937 769 3990 Chr.
789 3937 890 3990 saeculi
910 3937 1016 3999 tribuit,
1040 3935 1208 3988 Callistratus
1227 3935 1321 3986 histrio
1340 3937 1451 3986 inveni-

263 4028 308 4077 tur
331 4037 386 4076 une
405 4037 468 4077 cum
486 4025 645 4090 Gabiricbo,
665 4025 712 4091 qui
731 4037 757 4075 n.
779 4026 827 4074 449
846 4023 930 4074 semel
949 4025 976 4072 in
995 4023 1100 4088 priore,
1122 4020 1163 4072 bis
1182 4021 1209 4072 in
1229 4022 1378 4086 posteriore
1396 4035 1450 4074 oo-
1533 4059 1534 4078 4

263 4112 355 4162 lumns
369 4115 533 4163 recensetur.
563 4111 642 4172 Quod
659 4112 723 4164 item
743 4109 843 4161 indicio
862 4112 912 4173 est,
932 4111 1057 4173 exiguum
1075 4108 1205 4174 temporis
1223 4108 1339 4174 spatium
1359 4109 1451 4159 inter·
1533 4161 1534 4172 ,

264 4199 361 4251 cedere
384 4200 454 4250 inter
476 4199 523 4250 bne
548 4197 670 4250 laterculi
694 4197 795 4262 partes.
902 4193 1096 4246 il’bilemona
1120 4197 1184 4246 natu
1208 4195 1340 4245 minorem
1359 4193 1450 4246 illium

264 4285 374 4336 maioris
393 4287 472 4337 inisse
496 4287 609 4337 testetur
626 4283 722 4336 Suidss
744 4295 765 4334 s.
788 4277 912 4350 Φιλήμων
930 4275 944 4332 ὁ
961 4279 1091 4348 νεώτερος.
1130 4279 1177 4332 lile
1195 4293 1259 4331 vero
1276 4291 1385 4331 summe
1403 4293 1450 4333 99-
1533 4279 1534 4294 ’

264 4371 373 4421 nectute
398 4374 521 4423 mortuns
544 4373 587 4422 est
608 4369 680 4422 bello
702 4367 901 4420 Chremonideo
928 4367 1010 4430 (Suid.
1030 4362 1167 4434 Φιλήμων)
1192 4365 1247 4417 iere
1265 4369 1314 4416 444
1333 4379 1359 4418 a.
1380 4366 1448 4417 Chr.

267 4450 316 4516 (Gi.
336 4453 406 4505 toti.
427 4455 508 4520 4444),
533 4459 564 4506 ut
588 4453 764 4522 improbabile
791 4454 839 4518 sit,
867 4452 953 4504 illium
977 4451 1037 4519 plns
1060 4465 1140 4518 quam
1166 4452 1342 4518 quadraginta
1366 4455 1450 4506 annis
