3110 5056
286 322 348 384 272
791 319 854 368 Pars
871 318 954 382 prior.
1399 318 1448 381 [ιιι

371 525 432 606 τοῖν]
449 520 633 596 Ἀπόλλωνος
663 521 714 588 καί
741 523 774 608 ἐγ
797 521 820 586 Γ
822 523 929 606 ρυνέοιι
955 524 985 586 έν
1008 523 1063 584 τῶι
1088 522 1170 606 ίερῶι
1192 525 1244 586 τοῖν
1262 516 1448 593 Ἀπόλλωνος·

373 622 574 712 ἂναγραψάτοι
597 624 630 690 δὲ
652 621 703 688 καὶ
725 619 741 688 δ
763 619 1025 710 χραμίματοφάλαξ
1056 628 1108 707 τῆς
1133 625 1243 709 βουλῆς
1264 621 1315 690 καί
1336 628 1385 688 τοῖν
1405 621 1454 708 δή·

372 753 428 812 μου
449 725 487 793 τὰ
509 725 734 850 ἀντίγραφα
699 751 752 811 της
774 723 936 810 ὁμολογίας
964 723 1065 808 [εἰς
1036 749 1069 790 το
1093 721 1256 810 δημλόσιον·
1286 750 1455 812 συνσφραμ·

372 827 533 953 σάσθρισαν
557 831 590 894 δὲ
612 827 665 902 τὰς
687 825 904 914 ὁμολογίας
871 852 932 912 τημ
961 828 1013 912 μέν
1035 828 1214 912 Σμυρναίοις
1237 829 1453 912 δοθησομένηνΙ

372 959 423 1006 ους
445 927 480 998 ἂν
505 929 562 997 ἀπο
565 928 708 1017 δείΕηι
678 957 712 997 το
735 927 833 997 κοινὸν
862 936 917 995 τῶν
948 933 986 1016 ἐμ
1008 929 1185 1053 Μαχνησίαι
1210 932 1271 1002 τοῖς
1298 955 1331 996 τε
1352 932 1456 996 ἑαυτῶν

372 1037 539 1108 δακτυλίοις
554 1032 612 1118 καβ
633 1028 754 1116 τιθῶ(
716 1021 881 1119 υιτάρχοντι
902 1037 1013 1114 κοινῶι,
1039 1057 1092 1119 την
1116 1033 1149 1098 δὲ
1163 1035 1206 1106 εἰς
1221 1035 1454 1118 Μαγνησίανδο-
1524 1113 1525 1116 ¹

372 1139 543 1222 θησομένην
567 1132 840 1224 σφραγισάσθοισαν
864 1135 1052 1221 Σμυρνοίίιυν]
1067 1137 1071 1221 ί
1089 1135 1120 1201 οἵ
1138 1159 1171 1200 τε
1186 1134 1345 1221 στρατηγοί
1366 1135 1413 1200 καί
1433 1135 1458 1199 οί
1524 1117 1525 1192 ff

371 1239 523 1312 ἐξετασταί
545 1244 596 1304 τῶι
618 1265 650 1304 τε
671 1245 723 1324 τῆς
744 1235 859 1310 πόλεως
886 1238 1045 1304 δακτυλίοιι
1072 1237 1124 1304 καλ
1152 1239 1212 1311 τοῖς
1234 1235 1345 1304 αὑτῶν.
1371 1243 1457 1304 ταῦτα
1524 1279 1525 1314 ;

372 1343 405 1408 δὲ
428 1339 606 1428 ἀμφοτέροις
628 1345 688 1415 τοῖς
709 1339 854 1427 πλήθεσιν
877 1341 1104 1406 συντετελέσθαι
1124 1336 1215 1428 τάχηι
1235 1345 1284 1425 τῆι
1306 1337 1426 1426 ἀγαθῇι.
1524 1331 1525 1410 ἦ

451 1437 572 1516 Ἔδοξεν
599 1451 652 1510 τῶι
673 1442 789 1530 δήμκυι,
815 1449 987 1529 στρατηγῶν
1010 1439 1129 1528 γνῶμη·
1157 1441 1260 1528 ἐπειδὴ
1289 1448 1416 1528 προνοῶν
1443 1440 1457 1506 δ

373 1551 466 1632 δῆμος
489 1543 562 1633 ὑπὲρ
585 1544 720 1612 ἁπάντων
749 1553 807 1612 τῶν
834 1550 886 1612 τοῦ
913 1547 1059 1632 βασιλέως
1082 1541 1228 1610 Σελεύκου
1257 1541 1458 1632 συμφερόντων
1524 1539 1525 1584 ί

330 1653 390 1716 9οδ
375 1651 499 1714 διετέλει
525 1645 738 1736 καὶπρότερον
760 1647 812 1735 τήν
834 1673 866 1713 τι
891 1649 1043 1735 βασιλείαν
1057 1644 1116 1733 ΙΙ’
1083 1651 1173 1714 αυτοῖι
1196 1643 1348 1719 συναύξων
1366 1643 1454 1712 καί
1426 1671 1458 1710 τα

372 1749 532 1839 πράγματα
554 1757 702 1838 διατηρῶν
726 1747 843 1816 καθ’“
827 1776 895 1816 οσον
918 1741 954 1836 ἦν
977 1745 1110 1832 δυνατάς,
1143 1747 1314 1816 καὶπολλὰ
1337 1749 1426 1836 μέν
1408 1774 1458 1814 τε·
1524 1791 1525 1818 ι

373 1857 493 2022 ριεῖδενὲ
502 1850 694 1939 ἀπολλύμενα
715 1855 767 1920 καλ
789 1849 1052 1940 καταφθειράμενα
1076 1858 1131 1917 τῶν
1161 1849 1399 1975 θπαρχάντμν,
1390 1843 1457 1916 πολ·

373 1954 493 2030 λοῶςδὲ
510 1954 549 2022 fn
550 1959 678 2041 έμεινίεν]
694 1957 697 2042 ί
713 1952 865 2028 κινδύνους
888 1958 985 2022 ἕνεκεν
1007 1961 1060 2021 τοῖν
1090 1953 1324 2041 διατηρησαι
1289 1980 1345 2040 την
1367 1954 1461 2041 φιλίαν

373 2057 426 2144 τὴν
449 2056 520 2146 πρὸς
542 2057 591 2124 τὸν
617 2063 743 2147 βασιλέα
766 2061 932 2139 Σέλευκον,
958 2055 1007 2123 καί
1036 2063 1086 2122 νῦν
1110 2054 1358 2144 φιλοτιμούμενος
1380 2054 1460 2122 αυτῶι
1524 2043 1525 2066 ³

372 2165 607 2248 συνδιατηρῆσαι
628 2162 680 2227 καί
702 2164 835 2249 συνέχειν
858 2159 895 2226 τά
916 2157 1076 2247 πράγματα
1101 2157 1171 2224 καθ’
1197 2153 1266 2224 έσον
1284 2161 1288 2246 ί
1306 2156 1460 2247 ἐνδεχόμε-

373 2261 422 2329 νόν
445 2267 541 2344 ἐστιν,
571 2261 624 2349 τήν
647 2290 678 2330 τε
699 2261 772 2350 πρὸς
792 2261 860 2336 τοδς
889 2266 928 2349 ἐμ
949 2261 1124 2348 Μαγνησίαι
1149 2263 1304 2336 κατοίκους
1328 2258 1461 2332 καὶτοὺς

375 2365 537 2454 δτιαίθρους
562 2369 657 2439 ίππεῖς
683 2367 734 2432 καί
762 2364 829 2440 τοδς
853 2363 959 2438 πεζοῖς
986 2362 1168 2453 στρατιώτας
1193 2366 1244 2430 καί
1269 2363 1339 2440 τοθς
1362 2359 1460 2435 ἄλλους

374 2466 441 2543 τοὺς
463 2472 617 2542 οίκοδντας
644 2471 683 2555 ἐμ
704 2467 890 2554 Μαίχνησίαι
918 2469 1103 2534 συντέθειται
1129 2469 1245 2555 φιλίαν,
1275 2468 1327 2534 ἵνα
1357 2472 1460 2554 διαφυ-

373 2571 522 2638 λάσσωσιν
550 2571 602 2657 τὴν
630 2572 803 2658 συμμαχίαν
830 2571 881 2638 καλ
908 2569 960 2657 τὴν
990 2563 1107 2637 εὔνοιαν
1133 2576 1186 2637 τῶι
1215 2573 1335 2657 βασιλεῖ
1357 2566 1461 2637 Σελεά-

373 2697 443 2738 nun·
472 2675 614 2760 νομίζωίν]
635 2673 668 2739 δὲ
689 2672 866 2760 [άλναχκαῖον
889 2672 967 2738 εἶναι
987 2677 1037 2759 τῆι
1058 2669 1144 2739 πόλει
1164 2675 1352 2760 παραλαβεῖν
1371 2667 1462 2738 καίτὸ

377 2777 513 2863 ίχιυρίον
544 2777 848 2862 Παλαιμαγνηοίανίθ
881 2776 932 2842 καί
958 2772 1146 2861 ποιήσασθαι
1176 2773 1228 2862 τὴν
1258 2772 1397 2863 φυλακην
1422 2769 1458 2839 δι’

375 2876 476 2960 αὐτοῦ,
501 2878 552 2944 ἵνα
573 2877 624 2944 καί
645 2876 749 2944 τούτου
771 2879 1018 2966 παραληφθέντος
1041 2876 1096 2944 ὑπὸ
1118 2883 1171 2965 τῆς
1192 2876 1308 2952 πόλεως
1333 2877 1462 2966 ἀσφαλέ-

330 2992 362 3042 95
375 3005 477 3068 στερον
500 2983 638 3067 διαμένηι
659 2977 755 3047 πάντα
769 2978 807 3047 τά
829 2977 982 3066 σάνεχχυλς]
994 2981 1004 3068 β
1017 2976 1178 3068 πράγματα
1198 2986 1253 3047 τῶι
1275 2983 1394 3066 βασιλεῖ
1408 2980 1460 3043 Σε-

372 3080 492 3164 λεάκαιι,
529 3086 726 3170 διεπέμψαντο
755 3083 828 3170 πρὸς
855 3079 923 3157 τοδς
952 3085 1106 3158 οἰκοῦντας
1134 3086 1166 3149 έν
1192 3090 1249 3152 τῶι
1272 3084 1391 3171 χοιρίωι
1416 3079 1463 3146 καί

371 3183 578 3272 παρεκάλεσαν
601 3184 707 3258 αὐτοὺς
730 3188 883 3273 αἱρεῖσθαι
902 3182 956 3271 τήν
978 3188 1080 3273 φιλίαν
1101 3183 1154 3271 τὴν
1176 3185 1249 3273 πρὸς
1269 3182 1319 3252 τὸν
1343 3185 1463 3274 βασιλέα

373 3289 518 3354 Σέλευκον
534 3292 539 3372 Ι
554 3288 607 3355 καί
631 3292 820 3376 παραδοῦναι
845 3286 898 3362 τοῖς
925 3291 1044 3362 κλεῖδας
1072 3295 1129 3355 τῶι
1153 3283 1277 3376 ἄρχοντι
1305 3295 1364 3354 τῶι
1389 3285 1461 3352 ἀπο-

372 3395 508 3458 σταλέντι
529 3389 585 3458 ὑπὸ
607 3396 659 3458 τοῦ
681 3389 778 3476 δήμου
806 3391 858 3457 καί
879 3392 1136 3478 παίρμδέξίαλσθαι
1157 3388 1293 3479 φυλακην
1315 3388 1370 3476 τὴν
1399 3413 1463 3454 συν-

373 3493 611 3581 διατηρήσουσαν
641 3491 703 3578 μετ’
738 3486 836 3560 αάτῶν
865 3491 898 3559 τδ
927 3494 1037 3581 χοιρίον
1064 3496 1120 3559 τῶι
1148 3493 1265 3580 βασιλεῖ
1281 3495 1285 3578 ί
1301 3485 1459 3568 Σελεάκοιι,
1524 3555 1525 3594 φ

371 3594 626 3684 ἐπαγγελλόμενος
648 3601 743 3663 ταῦτα
764 3593 951 3682 ποιησάντων
975 3593 1072 3662 αίιτῶν
1102 3591 1239 3682 ὑπάρξειν
1263 3591 1365 3669 αὐτοῖς
1385 3588 1461 3678 παρά
1524 3599 1525 3642 ί

370 3705 423 3784 τῆς
450 3697 565 3772 πόλεως
593 3695 691 3764 πάντα
716 3697 753 3766 τά
784 3696 984 3787 φιλάνθρωπα
1014 3696 1066 3764 καλ
1094 3703 1196 3772 καλῶς
1224 3699 1351 3785 ἔχοντα,
1383 3698 1411 3762 οἱ
1432 3691 1463 3758 δέ

372 3805 521 3876 οἰκοῦντες
543 3805 574 3867 ἐν
597 3807 652 3868 τῶι
668 3805 671 3886 ί
689 3826 755 3926 χμρ
758 3805 807 3868 ίοιι
828 3800 965 3888 ἑλόμενοι
985 3797 1046 3888 τημ
1067 3801 1168 3888 φιλίαν
1190 3799 1243 3886 τὴν
1257 3799 1331 3887 πρὸς
1345 3795 1396 3866 τὸν
1411 3800 1463 3883 βα-

372 3905 459 3970 σιλέα
481 3905 625 3972 Σέλευκον
649 3903 723 3990 μετά
744 3902 842 3990 πάσης
862 3907 1031 3992 προθυμίας
1056 3907 1163 3991 προςεδ
1165 3905 1265 3974 έξαντο
1287 3897 1462 3986 τάξιοάμενα

371 4005 427 4074 ὑπὸ
448 4012 501 4074 τοῦ
522 4009 619 4094 δήμου
641 4003 750 4072 καθ’
714 4032 767 4081 τας
788 4033 820 4072 τε
842 4009 962 4082 κλεῖδας
976 4032 1058 4094 παρα
1061 4003 1239 4089 δεδοίκασιίν]
1254 4004 1257 4090 ί
1274 4011 1329 4070 τῶι
1344 3998 1525 4096 ἄρχοντι
1524 4059 1525 4072 ς

370 4117 423 4176 τῶι
451 4107 715 4196 ἀπεσταλμένοι
705 4107 760 4174 υπὸ
789 4113 841 4175 τοῦ
868 4108 965 4196 δήμου
994 4106 1106 4174 καί
1074 4134 1126 4194 την
1150 4104 1286 4195 φυλακὴν
1308 4131 1361 4192 την
1383 4099 1464 4190 παρά

1524 4223 1525 4270 ί

356 4357 387 4401 ιν
405 4353 629 4416 Distinguendum
647 4353 699 4404 huo
720 4351 861 4404 cantellum
879 4353 907 4402 in
929 4351 1028 4402 finibus
1045 4351 1197 4415 Magnetum
1221 4347 1409 4414 Sipylenorum
1426 4347 1463 4394 si-

287 4439 343 4488 tum
361 4437 395 4488 ub
414 4439 470 4503 ipsu
488 4437 555 4488 urbe
572 4439 715 4502 Magnesia.
740 4439 769 4488 B.
