3084 5052
90 320 155 385 aaa]
564 323 585 375 1.
611 324 664 375 lies
681 321 818 388 publicae.
1229 326 1291 388 429

92 526 226 590 soullier
248 527 387 590 Bulletin
410 525 451 590 de
473 527 745 610 correspondance
769 529 960 611 llellenique
984 531 1009 591 V
1037 529 1142 614 (4884)
1169 549 1201 612 p.
1228 533 1289 594 iot

93 649 127 691 n.
157 630 208 692 44.

183 831 426 920 Στραταγέοντος
447 831 594 920 Τιμιαίοιι1
625 835 709 907 ἔδοξε
735 837 797 908 τοῖς
816 833 821 922 Ι
841 833 1002 908 Αἰτωλοῖς·
1033 837 1153 921 μηθένα
1174 840 1235 902 τῶν
1258 838 1290 902 ἐν

182 936 312 1023 Δελφοῖς
334 937 508 1022 σονοίλκωνῖ
530 934 642 1004 ἀτελέα
663 936 756 1022 εἶμεν,
791 935 821 1003 εἴ
841 961 881 1004 ae
905 935 945 1024 μή
976 939 1080 1024 dohiplt]
1110 935 1194 1026 παρὰ
1214 939 1220 1026 Ι
1238 945 1290 1014 τᾶς

154 1035 286 1112 ὅπόλιος
307 1044 367 1104 τῶν
390 1039 516 1128 Δελφῶν
539 1037 676 1106 ἀτέλεια·
705 1040 757 1106 καὶ
786 1037 839 1126 till
853 1063 943 1114 τινοις
972 1042 1140 1128 ἔμπροσθεν
1162 1038 1198 1128 [ἃ]
1220 1040 1291 1110 ἀτέ-

183 1147 252 1209 λεια
273 1144 378 1230 γέγονε
397 1153 403 1221 Ι
423 1139 463 1229 μὴ
492 1139 602 1210 δόντων
625 1149 684 1210 τῶν
705 1149 846 1224 πολιτᾶν,
871 1139 1024 1220 ὑποτελεῖς
1043 1143 1048 1231 Ι
1068 1143 1161 1232 εἶμεν,
1188 1144 1290 1220 καθὼς

183 1242 234 1311 καὶ
256 1247 285 1311 ot
307 1245 407 1312 loterel
430 1241 595 1314 αόνοιιιοιθ.

165 1523 282 1574 Litterae
293 1523 417 1588 volgares
429 1527 537 1589 practer
549 1524 579 1576 .“-..
655 1528 664 1572 4
681 1522 749 1573 Cum
762 1523 884 1589 proxime
898 1521 951 1574 hoo
969 1522 1110 1574 decretum
1129 1537 1145 1575 e
1158 1523 1250 1576 dextra
1264 1527 1289 1574 et

93 1607 130 1658 ah
143 1607 270 1659 interiore
289 1611 365 1674 parte
383 1611 511 1674 quattuor
528 1609 599 1660 tituli
619 1610 683 1660 anni
703 1605 776 1676 49418
796 1623 821 1662 a.
837 1608 911 1670 Cha,
930 1621 947 1658 a
964 1610 1105 1674 superiore
1123 1611 1200 1674 perte
1218 1621 1290 1660 unus

94 1695 162 1744 anni
188 1693 276 1762 48645,
303 1694 372 1746 alter
388 1695 451 1744 anni
472 1691 546 1764 48817
570 1708 596 1746 a.
616 1695 680 1746 Chr.
701 1695 779 1744 incisi
797 1695 864 1756 sint,
891 1693 923 1746 ll.
950 1693 1025 1746 huno
1049 1708 1158 1760 quoque
1182 1695 1291 1746 titulum

96 1781 174 1830 initio
190 1779 303 1831 alterius
320 1793 346 1831 a.
366 1779 430 1831 Chr.
449 1780 551 1832 saeculi
569 1781 709 1832 exaratum
728 1791 787 1831 essa
806 1779 956 1830 verisimile
974 1779 1084 1831 indicat.
1121 1782 1182 1846 lpse
1200 1784 1290 1832 umen

94 1867 219 1926 testatur,
240 1878 300 1916 eam
319 1877 379 1916 esse
396 1865 536 1916 titulorum
554 1865 776 1932 dispositionem,
796 1869 826 1915 ut
843 1864 911 1915 nihil
935 1864 1038 1928 obstet,
1058 1867 1125 1930 quin
1143 1865 1218 1918 hunc
1234 1867 1291 1931 pri-

96 1961 174 2001 mum
193 1951 363 2015 inscriptum,
382 1953 476 2016 postea
494 1951 607 2002 demum
625 1953 694 2002 alios
710 1949 816 2001 additos
834 1951 995 2001 statuamus.
1033 1950 1122 2011 Quare
1140 1950 1200 2002 fleri
1217 1955 1290 2002 certe

95 2039 196 2102 potest,
216 2039 245 2087 ut
262 2035 389 2087 'limaeus
405 2039 514 2102 praetor
531 2037 605 2088 idem
623 2037 659 2087 sit
676 2036 711 2087 de
729 2049 783 2100 quo
801 2034 857 2086 dixi
877 2035 947 2086 teti.
1037 2039 1051 2084 u
1070 2037 1222 2101 inquilinis,
1242 2037 1291 2101 qui

93 2121 162 2174 alihl
180 2118 295 2191 μέτοικοι
312 2125 359 2173 eut
375 2119 495 2190 πάροικοι
511 2125 651 2174 vocantur.
725 2125 739 2172 8
759 2121 935 2172 Memorabile
953 2123 1004 2182 est,
1024 2122 1181 2172 Aetolorum
1196 2123 1288 2174 conci-

96 2207 166 2258 llum
185 2207 219 2258 de
237 2206 405 2273 Delphorum
423 2205 505 2258 rebus
522 2207 641 2274 puhlloia
665 2207 821 2258 decernere.
864 2205 930 2258 lnde
954 2209 1065 2272 apparet
1088 2206 1207 2272 Delphos
1231 2209 1290 2258 tum

95 2292 149 2344 sub
168 2292 279 2344 illorum
297 2293 411 2358 imperio
429 2292 527 2356 luisse,
546 2295 626 2344 ouius
644 2294 685 2344 rei
702 2293 836 2344 indicium
854 2291 886 2342 ll.
906 2305 957 2344 suo
976 2293 1035 2342 lure
1054 2290 1081 2342 id
1100 2305 1209 2357 qnoque
1231 2305 1290 2344 esse

95 2377 174 2440 dicit,
194 2378 269 2442 quod
287 2379 315 2428 in
333 2377 419 2430 titulis
437 2379 684 2432 manumissionum
702 2381 783 2434 etlam
801 2379 825 2430 si
844 2378 1027 2428 manumissor
1044 2377 1165 2442 Delphus
1184 2378 1227 2440 sit,
1248 2380 1290 2428 ta-

96 2475 161 2514 men
184 2476 238 2514 una
261 2477 325 2515 oum
350 2463 480 2517 archonte
497 2465 629 2532 Delphico
653 2477 858 2530 nonnumquam
883 2465 992 2529 praetor
1011 2461 1119 2514 Aetolus
1142 2464 1289 2529 inscriptus

96 2549 252 2600 invenietur
272 2549 541 2613 (Wescher-Fouoart
556 2554 597 2602 ll.
612 2551 666 2612 85),
697 2550 751 2601 Sed
768 2562 909 2614 nunquam
927 2547 1045 2614 Delphos
1069 2549 1155 2614 ipsius
1172 2547 1290 2600 foederis

95 2633 209 2686 Aetolici
228 2635 376 2700 participes
393 2634 477 2686 luisse
495 2635 559 2687 lnde
576 2637 695 2702 apparet,
715 2635 789 2700 quod
807 2636 889 2686 etiem
908 2647 962 2698 qna
979 2636 1067 2685 aetate
1079 2633 1229 2698 plurimum
1241 2647 1290 2684 νε-

95 2719 190 2771 lebant
207 2721 278 2770 lnter
295 2720 507 2786 Amphictyonas
524 2721 618 2784 Aetoli,
639 2723 730 2773 tamen
749 2721 846 2788 Delphi
863 2731 973 2785 semper
990 2718 1045 2770 duo
1063 2718 1191 2784 suffragia
1208 2731 1290 2784 sepa·-

95 2809 153 2856 rata
171 2806 206 2857 ah
224 2805 278 2857 illis
296 2807 466 2858 retinuerunt
487 2805 535 2872 (cl.
556 2806 637 2868 ⁴8t1l.

95 3012 252 3022 .-.-——-.

185 3161 255 3230 826
283 3165 404 3228 Tabula
439 3164 639 3228 inaedificata
666 3183 763 3248 supra
791 3174 914 3246 portam
943 3165 1094 3228 ecclesiae
1122 3161 1288 3226 cuiusdam

96 3267 245 3331 desertae
274 3270 307 3330 in
337 3269 441 3332 insula
471 3271 547 3368 Doro
581 3267 761 3350 (Calauria).
812 3269 871 3334 Ed.
911 3268 1038 3331 Boeolrh
1065 3264 1180 3328 Annali
1209 3265 1286 3329 dell’

96 3372 245 3434 lnstituto
269 3372 354 3434 arch.
380 3369 413 3432 di
434 3371 530 3433 Roma
555 3370 638 3433 4829
661 3389 694 3452 p.
721 3371 781 3432 too
810 3369 980 3453 (opuscula
1001 3370 1040 3432 Vl
1063 3388 1094 3450 p.
1121 3368 1210 3450 388).
1276 3441 1280 3448 ι

185 3589 363 3677 Σιφνίοις
392 3586 569 3656 ἀτέλειαὶ
599 3593 641 3676 ἐγ
669 3587 899 3676 Καλλαορέφ
926 3587 1025 3656 κατὰ
1053 3586 1098 3654 τὰ
1128 3585 1284 3673 πάτρια.

156 3687 249 3758 5Ἐπλ
279 3691 458 3780 Θεοφείδεος
490 3693 599 3778 ταμία,
636 3691 729 3774 idolis
761 3698 799 3779 τᾷ
831 3689 902 3758 πόλι
933 3693 1016 3776 rditl²
1044 3688 1284 3777 Koloopeollcdu,

184 3797 343 3862 ἐπαινέσαι
362 3791 424 3881 reip
444 3791 529 3862 πόλιν
549 3795 554 3883 Ι
573 3791 627 3861 τὰν
650 3795 798 3883 Σιφνίων,
824 3789 871 3861 ὅτι
892 3796 1024 3862 διατελεῖ
1043 3794 1047 3882 Ι
1067 3785 1172 3867 εὔνους
1194 3795 1287 3859 ἐοῦσα

184 3903 223 3984 τᾷ
243 3893 315 3963 πόλι
335 3901 380 3986 [τᾷ
400 3897 405 3984 Ι
425 3896 748 3986 Καλαορεατᾶν-·--]

166 4193 284 4244 litterae
303 4193 408 4244 ΘΞΠΣ.
480 4195 491 4240 4
513 4189 608 4242 Utrum
630 4189 666 4242 ad
683 4190 803 4256 portoria
821 4188 889 4240 haec
907 4188 1062 4238 immunitus
1081 4187 1223 4238 relerenda
1241 4189 1285 4250 sit,

96 4291 132 4329 an
148 4277 184 4329 ad
203 4277 325 4342 liturgias
343 4275 450 4342 aliaque
468 4289 551 4328 onera
569 4275 668 4342 quihus
687 4276 835 4326 liberentur
847 4274 952 4340 Siphnli
970 4273 1017 4339 qui
1035 4272 1179 4325 Calaureae
1197 4273 1287 4324 domi-

97 4363 190 4415 cilium
208 4363 339 4427 habeant,
364 4362 507 4414 diiudicari
529 4375 583 4414 non
608 4364 697 4428 potest
720 4364 786 4427 quia
809 4361 898 4427 ipsum
923 4359 1063 4411 decretum
1081 4359 1229 4411 intercidit.
1256 4359 1284 4410 n.

98 4450 210 4501 ΗΑΓ.
247 4449 408 4502 Emendavi.
437 4449 504 4517 aiiii-s
522 4447 639 4500 Doeokh.
