3110 5056
252 331 313 393 270
755 330 819 378 Pars
838 329 920 392 prior.
1373 327 1431 391 [474

337 537 371 600 ἐκ
402 533 578 618 Μαγνησίας
615 532 712 604 οἰκίας
747 533 856 596 κλινῶν
884 523 962 595 ύσων
991 525 1027 596 δν
1051 535 1105 596 τῶν
1132 527 1231 616 δήμων
1259 527 1343 615 δύξηι
1372 527 1427 618 ἀφ’

337 631 371 704 οὖ
388 630 425 722 άγ
440 633 549 722 χρύνου
563 632 584 720 ἡ
600 631 752 720 θμολοίγία
767 634 994 720 συνσφραγισθῇ
1011 635 1054 707 εἰς
1073 630 1232 719 ἑξάμηνον·
1256 629 1435 719 μισθούσθω

337 740 370 805 δέ
393 736 408 804 ‘0
430 739 538 823 ταμίας
559 744 614 802 τῶν
637 733 734 821 ὃσίωμ
754 733 904 823 προςύδων
926 733 991 820 [τ]ὰς
1014 737 1111 810 οἰκίας
1135 733 1209 821 μετὰ
1230 743 1286 800 τῶν
1302 761 1436 823 στρατη-

336 847 399 928 γιῖιγ
420 841 472 907 καί
494 838 527 906 τὸ
551 837 698 925 άνήλωμα
719 835 826 904 διδότω
849 835 907 903 ἀπὸ
929 841 987 903 τῶν
1014 841 1081 924 τῇίς]
1096 839 1099 924 ί
1116 836 1231 913 πόλεως
1258 836 1428 926 προςὸδων·

335 941 445 1030 ὀμόσαι
467 943 500 1008 δὲ
522 940 589 1015 τούς
613 943 664 1027 μὲν
688 945 727 1027 ἐμ
749 941 922 1027 Μαγνησίαι
943 941 1097 1015 κατοίκους
1119 947 1174 1006 τῶν
1196 967 1228 1006 τε
1249 940 1327 1007 κατὰ
1348 939 1436 1007 πάλιν

339 1049 447 1113 ἱππέων
466 1046 517 1110 καί
537 1050 634 1116 πεζῶν
657 1045 710 1110 καί
731 1041 799 1117 τούς
821 1046 852 1108 ἐν
873 1045 935 1117 τοῖς
957 1041 1113 1130 ὑπαίθροις
1134 1045 1335 1129 τασσομένους
1357 1046 1436 1130 unffi!

295 1150 403 1224 αυτούς
426 1142 535 1220 ἄλλους
557 1145 626 1220 τούς
647 1149 945 1234 καταχωριίομένους
973 1149 1016 1219 εἰς
1037 1143 1070 1212 τὸ
1091 1147 1255 1232 πολίτευμα
1277 1143 1363 1212 τάνδε
1384 1145 1435 1213 τὸν

335 1246 443 1340 ύρκον·
486 1245 602 1334 Ὀμνύω
624 1250 698 1329 Δία,
729 1243 950 1334 Γῆν,Ἥλιον,
977 1242 1066 1335 Ἄρη,
1094 1246 1222 1335 Ἀθηνᾶν
1240 1247 1357 1336 Ἀρείαν
1385 1251 1437 1315 καί

339 1354 391 1441 τήν
414 1351 606 1438 Ταυροπόλον
629 1351 681 1417 καί
702 1349 788 1438 τήίνίί
806 1351 933 1437 Μητέρα
954 1347 1007 1434 τήν
1031 1351 1200 1439 Σιπυληνὴν
1230 1352 1281 1416 καί
1300 1350 1437 1418 Ἀπόλλω

339 1455 387 1523 τὸν
411 1459 449 1540 ἐμ
472 1454 637 1528 Πάνδοιςίῡ
657 1455 709 1520 καί
730 1452 799 1527 τούς
821 1447 930 1527 ἄλλους
951 1451 1040 1527 θεούς
1061 1449 1174 1527 πάντας
1195 1455 1247 1519 καί
1264 1452 1364 1529 πάσας
1384 1458 1437 1522 καὶ

340 1557 393 1644 τήν
415 1563 468 1622 τοῦ
493 1559 638 1644 βασιλέως
661 1553 809 1622 Σελεύκου
830 1553 939 1644 τύχην·
968 1557 1086 1641 ἐμμενῶ
1109 1559 1140 1622 ἐν
1157 1557 1161 1640 ί
1177 1559 1241 1631 ταῖς
1271 1556 1438 1644 συνθήκαις

343 1661 391 1734 αἶς
414 1661 605 1744 συντέθειμαι
632 1659 704 1746 πρὸς
726 1659 912 1746 Σμυρναίους
943 1661 985 1732 είς
1016 1651 1132 1726 ἅπαντα
1159 1658 1209 1746 τδγ
1237 1657 1346 1747 χρόνον
1372 1663 1438 1745 [spi

342 1759 515 1850 διατηρήσω
537 1761 590 1848 τήν
612 1787 645 1828 τε
668 1762 840 1848 συμμαχίαν
862 1762 914 1827 καί
936 1760 988 1848 τήν
1010 1754 1128 1827 εὔνοιαν
1156 1768 1211 1827 τῶι
1238 1766 1356 1850 βασιλεῖ
1379 1765 1438 1830 Σε-

339 1862 449 1932 λεύκωι
466 1865 469 1950 Ι
486 1865 537 1930 καί
559 1870 608 1949 τῐγι
630 1865 804 1951 Σμυρναίων
826 1862 924 1944 πόλει,
956 1864 1007 1929 καί
1037 1858 1057 1929 ἃ
1085 1865 1258 1952 παρείληφα
1280 1865 1363 1953 παρά
1385 1873 1439 1932 τοῖι

343 1969 489 2056 βασιλέως
512 1965 660 2033 Σελεύκου
683 1965 856 2054 διατηρήσω
877 1965 954 2032 κατὰ
978 1963 1101 2052 δύναμιν
1123 1967 1176 2052 τήν
1199 1966 1273 2054 ἐμήν
1289 1970 1342 2034 καί
1357 1966 1437 2036 άπο-

341 2067 426 2136 δυἰσω
449 2076 501 2135 τιῖιι
525 2073 643 2158 βασιλεῖ
666 2067 816 2135 Σελεύκωι
837 2071 888 2134 καί
914 2067 1003 2135 ούθέν
1021 2073 1024 2152 ί
1041 2068 1256 2156 παραβήσομαι
1277 2076 1339 2157 τιῖιγ
1360 2071 1439 2139 κατὰ

339 2171 392 2260 τήν
415 2169 577 2258 ὁμολογίαν
601 2169 671 2238 ούδέ
695 2167 857 2258 μεταθήσω
872 2173 920 2238 ἐπί
940 2169 973 2237 τὸ
995 2175 1097 2259 χεῖρον
1119 2171 1157 2238 τά
1178 2175 1384 2260 γεγραμίμίένα
1406 2179 1439 2242 ἐν

341 2273 430 2363 αύτῆι
458 2269 525 2343 ούτε
553 2271 666 2361 τρόποι
696 2267 763 2340 ούτε
795 2281 930 2360 μηχανῆι
962 2271 1114 2360 ούδεμιᾶι·
1148 2274 1200 2341 καί
1224 2273 1442 2363 πολιτεύσομαι

298 2397 330 2448 65
341 2376 409 2466 μεθ’
444 2376 592 2466 δίίμονοίας
620 2373 825 2450 ἀστασιάστοις
851 2374 929 2442 κατά
950 2375 1019 2451 τούς
1048 2379 1222 2465 Σμυρναίων
1250 2375 1357 2465 νόμους
1386 2380 1442 2445 καί

341 2480 379 2547 τά
401 2484 580 2568 ψηφίσματα
602 2485 654 2547 τοῖι
674 2478 786 2566 [δηΊμου
808 2480 859 2545 καί
882 2479 1108 2568 συνδιατηρήσω
1130 2477 1183 2568 τήν
1205 2507 1236 2547 τε
1259 2479 1441 2568 αὐτονομίαν

341 2585 392 2650 καί
416 2585 617 2670 δημοκρατίαν
640 2583 691 2650 καί
714 2576 811 2649 τᾶλλα
832 2581 869 2649 τὰ
887 2585 890 2670 ί
908 2586 1158 2671 ἐπικεχωρημένα
1180 2584 1359 2672 Σμυρναίοις
1383 2581 1441 2651 {ma

340 2691 392 2752 τοῦ
417 2688 564 2774 βασιλέως
579 2682 728 2751 Σελεύκου
751 2683 825 2772 μετὰ
845 2683 943 2772 πάσης
964 2688 1134 2774 προθυμίας
1155 2689 1194 2772 ἐμ
1214 2687 1302 2752 παντί
1315 2694 1438 2774 καιρῶν,

341 2790 393 2854 καί
414 2783 481 2854 οὔτε
504 2787 591 2862 αύτὸς
613 2784 749 2874 ἀδικήσω
779 2787 876 2855 αὐτῶν
906 2785 1018 2854 ούθένα
1046 2781 1113 2853 ούτε
1141 2782 1237 2855 άλλωι
1265 2793 1442 2878 ἐτίιίΙτρέψω

342 2888 444 2958 ούθενί
466 2890 543 2956 κατὰ
566 2887 690 2976 δύναμιν
719 2887 772 2978 τήν
795 2888 884 2978 ἐμήν·
920 2892 971 2957 καί
992 2888 1045 2956 ἐάν
1067 2915 1133 2956 τινα
1156 2889 1347 2978 αἰσθάνωμαι
1370 2897 1440 2960 ἐπι-

345 2989 538 3080 βουλεύήντα]
551 2997 601 3060 τῖι
614 2991 701 3060 πύλει
714 2989 734 3081 ἢ
749 2997 809 3068 τοῖς
824 2997 948 3082 χωρίοις
963 2995 1023 3068 τοῖς
1044 3001 1097 3081 τῆς
1119 2991 1246 3074 πόλεως,
1270 2990 1290 3081 ἢ
1313 2993 1365 3081 τήν
1382 2999 1442 3083 δη-

344 3097 505 3183 μοκρατίαν
520 3090 541 3182 ἢ
557 3095 610 3183 τήν
628 3099 789 3183 ἰσοίνομίαν
812 3094 1010 3178 καταλύοντα,
1035 3093 1158 3183 μηνύσω
1180 3103 1236 3162 τῶι
1261 3093 1361 3183 δήμων
1382 3103 1442 3164 τῶι

343 3199 516 3286 Σμυρναίων
538 3197 589 3265 καί
613 3197 806 3287 βοιηθήσωΜ
835 3197 1065 3286 άγωνιίίύμίενος
1095 3197 1170 3284 μετὰ
1196 3197 1293 3286 πάσης
1323 3206 1443 3288 φιλοτι-

343 3303 429 3387 μίας,
455 3303 507 3367 καί
529 3299 584 3368 ούκ
605 3303 812 3390 ἐγκαταλείψω
833 3301 911 3368 κατὰ
933 3299 1057 3389 δύναμιν
1078 3299 1131 3387 τήν
1149 3303 1153 3388 1
1171 3305 1317 3387 ἐμαυτοῦ·
1345 3299 1442 3390 εύορ-

343 3409 443 3470 κοδντι
465 3406 526 3490 μέμ
548 3429 599 3489 μοι
620 3395 654 3469 εὖ
677 3402 741 3489 εἴη,
767 3407 954 3492 ἐφιορκοδντι
976 3405 1009 3469 δέ
1039 3400 1162 3476 ἐξύλεια
1189 3404 1240 3469 καί
1268 3401 1359 3471 αύτῶι
1387 3405 1442 3472 καί

342 3508 428 3592 γέίνει
448 3509 510 3588 τίῶι
531 3509 562 3578 ἐξ
584 3508 668 3593 ἐμοῦ.
695 3503 803 3593 ύμύσαι
825 3507 858 3572 δὲ
880 3508 932 3573 καί
948 3506 1131 3593 Σμυρναίους
1153 3509 1215 3580 τοῖς
1237 3503 1295 3572 άπὸ
1312 3503 1442 3594 Μαγνη-

301 3626 333 3675 ’40
343 3611 409 3682 σίας
430 3605 478 3674 τὸν
498 3601 609 3696 ύρκονΙί
623 3606 721 3676 τάνδε·
747 3606 867 3696 Ὀμνύω
883 3609 952 3690 Δία,
978 3608 1048 3694 Γῆν,
1066 3601 1184 3691 Ἥλιον,
1203 3603 1289 3697 Ἄρη,
1310 3606 1441 3696 Ἀθηνᾶν

341 3708 455 3799 Ἀρείαν
478 3712 529 3777 καί
551 3708 604 3798 τήν
620 3711 812 3800 Ταυροπόλον
834 3710 885 3778 καί
898 3709 959 3798 τὴμ
974 3709 1113 3799 Μηίτέργα
1134 3710 1187 3798 τὴν
1203 3711 1373 3799 Σιπυληνήν
1388 3713 1443 3777 καί

341 3809 513 3901 Ἀφροδίτην
537 3815 749 3901 Στρατονικίδα
770 3816 823 3882 καί
843 3813 911 3890 τούς
933 3808 1042 3888 ἄλλους
1057 3812 1146 3889 θεούς
1163 3815 1167 3896 Ι
1182 3811 1295 3889 πάντας
1309 3815 1362 3880 καί
1376 3813 1443 3881 πά-

345 3937 414 3990 σας·
443 3919 560 4003 ἐμμενιῖι
581 3918 612 3981 ἐν
633 3921 699 3991 ταῖς
720 3915 883 4004 συνθήκαις
906 3917 954 3992 αἷς
978 3917 1193 4002 συντεθείρεθα
1211 3915 1284 4004 πρὸς
1305 3915 1373 3991 τούς
1393 3919 1443 4003 [ἐμ

346 4018 528 4106 Μίαγνησίαι
549 4019 702 4092 κατοίκους
724 4017 792 4094 τούς
813 4045 845 4085 τε
867 4018 944 4086 κατὰ
965 4017 1050 4086 πάλιν
1075 4021 1171 4094 ἱππεῖς
1193 4019 1244 4085 καί
1265 4017 1373 4094 πεζούς
1387 4021 1443 4085 καί

260 4281 353 4328 rentur
370 4279 435 4328 dum
453 4279 548 4329 domos
566 4291 651 4330 novas
669 4263 720 4328 εἰίιί
739 4277 947 4330 aedificaverint.
974 4279 1003 4330 B.
1030 4277 1069 4330 Cf.
1091 4281 1148 4342 ⁴28,
1169 4282 1194 4331 α.
1301 4283 1332 4330 44
1353 4279 1442 4330 Locus

261 4365 379 4427 ignotus,
413 4377 493 4429 quem
530 4367 557 4414 4ο
589 4362 726 4416 suburbiis
753 4363 903 4427 Magnesiae
931 4363 1014 4429 Sipyli
1048 4365 1129 4415 situm
1157 4363 1240 4416 ruisse
1273 4365 1372 4416 conicit
1407 4365 1439 4416 Β.

262 4452 293 4496 46
312 4447 350 4499 Cf.
370 4447 449 4500 ⁴⁰0¹4.
473 4445 553 4498 4449.
