3094 5074
120 347 182 413 441]
575 349 619 399 iii.
645 348 704 400 vita
722 349 835 413 privata.
1237 351 1298 416 631

205 548 325 638 apileos
351 547 493 633 4444444,
526 551 672 638 εἰςφέρειν
695 547 852 637 Εὐκράτην
873 549 878 637 Ι
896 549 974 618 κατὰ
995 549 1029 618 τὸ
1050 554 1190 639 elpqpai
1210 549 1296 639 xclti'

207 651 281 720 ἑπτὰ
304 659 389 740 μνᾶς.
436 652 518 720 Osci.

118 911 194 960 esse,
221 897 299 948 cuius
323 897 351 945 in
377 909 486 962 quaqua
510 895 597 949 classe
621 897 649 946 in
671 893 771 947 tributo
790 896 979 948 constituendo
1005 897 1072 948 ratio
1099 897 1190 948 hahita
1216 901 1297 950 esset.

120 983 238 1044 (Bocckh
251 981 366 1034 suano.
381 981 408 1033 d.
422 981 483 1035 Asu.
498 983 508 1033 l
521 996 547 1048 p.
564 985 612 1034 444
625 982 697 1047 sqq.)
728 983 815 1048 Atque
826 979 893 1034 sord
904 980 933 1033 τὸ
945 979 1045 1052 τίμημα
1061 977 1124 1035 καθ’
1142 979 1207 1036 ἑπτὰ
1223 987 1297 1052 μνᾶς,

120 1068 196 1134 quod
220 1081 285 1120 saue
304 1080 357 1117 non
375 1071 443 1119 satis
460 1070 534 1118 recte
552 1071 579 1119 44
596 1067 738 1134 perspicue
756 1067 861 1118 dictum
879 1071 929 1130 est,
949 1067 1097 1132 significare
1118 1071 1168 1119 ‘en
1180 1081 1210 1120 eo
1221 1082 1300 1120 canan

118 1153 253 1224 (τ4μημ4),
278 1156 323 1216 qai
344 1155 481 1216 respondet
504 1155 583 1218 copiti
605 1157 701 1216 septem
723 1151 876 1203 4444444444
920 1153 988 1206 Nam
1012 1153 1061 1205 has
1082 1159 1186 1219 septem
1210 1155 1297 1206 minas

117 1241 214 1305 utique
231 1239 350 1306 pretinm
368 1251 461 1290 aarum
480 1251 658 1303 rerumquae
676 1237 831 1288 locarentur
849 1251 923 1300 esse;
948 1240 989 1290 sio
1006 1239 1162 1291 mercedem
1180 1252 1297 1291 annuam

117 1335 172 1390 qua
190 1325 314 1375 iocantur
332 1325 374 1386 (44
393 1323 537 1374 drachmas
554 1337 580 1373 v.
602 1325 642 1386 ti)
669 1319 776 1374 44444444
795 1319 846 1390 44))
869 1337 896 1389 p.
915 1336 939 1374 c.
965 1335 998 1374 ex
1021 1328 1112 1375 nostra
1130 1323 1298 1388 significandi

116 1411 233 1474 ratione,
251 1421 314 1460 cum
332 1409 405 1474 apud
423 1409 530 1460 laneum
548 1409 600 1470 444,
628 1409 659 1457 ti
679 1407 798 1471 (Boeclh
816 1409 932 1460 84444444.
957 1409 984 1460 d.
1005 1409 1066 1461 Ath.
1086 1411 1096 1461 l
1115 1423 1142 1476 p.
1164 1411 1220 1471 498)
1248 1407 1299 1477 44])

116 1509 144 1561 p.
165 1507 190 1546 c.
211 1497 310 1547 essent.

202 1781 270 1850 441
305 1785 430 1846 Thermi
463 1783 737 1866 (Pulueo-Bdsoro)
771 1785 941 1866 exscripsit
972 1785 1092 1866 Lolling
1126 1795 1158 1848 44
1194 1785 1296 1852 edidit

115 1889 357 1968 liittheilungen
379 1887 437 1950 des
458 1888 545 1951 arch.
570 1889 714 1950 instituta
737 1889 770 1950 in
792 1887 895 1950 Athen
916 1888 955 1950 iv
978 1886 1083 1969 (4879)
1106 1907 1138 1969 p.
1164 1891 1238 1952 222.

203 2070 401 2161 ssoldpiplna¹
425 2068 526 2138 Λάκου
543 2069 589 2138 Ἄ.
604 2095 674 2137 ,σαν
701 2069 755 2158 τὴν
779 2071 856 2138 ἰδίαν
879 2069 1016 2159 &patritia
1036 2071 1041 2158 Ι
1061 2066 1298 2161 4444414υῆ444·

203 2199 251 2243 444
283 2173 338 2243 tat
369 2175 427 2241 Δία
457 2173 516 2262 Γῆν
529 2166 643 2241 Ἥλιον
653 2177 676 2256 ²,
710 2173 820 2262 μηδε444
840 2173 846 2264 l
866 2174 964 2260 μη4444
989 2170 1195 2261 προςήκουσαν
1218 2173 1296 2244 κατὰ

200 2275 269 2353 τούς
291 2278 451 2364 hispidis]
468 2275 474 2366 Ι
493 2274 604 2363 νόμους
627 2275 768 2364 icorsllip³
789 2277 841 2344 καὶ
863 2277 1005 2364 interpola.

183 2523 298 2572 Litterae
315 2519 420 2573 ΑΘΠΣ.
497 2524 508 2569 4
530 2519 702 2572 ΠΟΛΥΦΙΩΝ
774 2523 788 2568 4
806 2519 864 2571 Non
878 2518 1085 2570 confundendus
1098 2519 1142 2570 hic
1154 2531 1214 2572 moa
1231 2531 1295 2572 cum

114 2621 147 2658 eo
166 2608 245 2658 cuins
268 2607 421 2657 4444444444
439 2603 525 2656 hahes
548 2618 574 2654 n.
596 2607 644 2655 444
658 2616 717 2670 sqq.
753 2605 812 2657 iilic
837 2607 910 2656 enlm
928 2609 1048 2656 veneunt
1064 2607 1135 2657 servi
1159 2603 1226 2668 diis,
1251 2606 1296 2658 hic

114 2693 159 2742 dei
177 2695 306 2757 tanquam
324 2693 407 2742 444444
424 2693 452 2742 44
470 2689 597 2741 custodes
614 2689 746 2742 libertatis
764 2705 859 2743 eorum
876 2689 1052 2753 adhibentem
1076 2704 1160 2756 quare
1179 2704 1231 2743 non
1250 2692 1294 2744 dei

114 2789 231 2842 quorum
254 2789 331 2827 sacra
354 2778 382 2827 in
404 2789 436 2827 eo
459 2776 520 2828 loco
544 2787 667 2826 summae
691 2776 829 2840 dignitatis
853 2777 944 2839 erant,
967 2777 998 2827 ut
1022 2775 1134 2840 Delphis
1152 2777 1291 2842 Apollinis,

113 2865 372 2924 commemorantur,
392 2861 441 2914 sed
458 2864 566 2927 praeter
577 2861 668 2912 444444
685 2861 799 2912 deornm
817 2861 1014 2926 hominumque
1032 2875 1123 2926 regem
1141 2875 1172 2914 ac
1190 2865 1293 2928 patrem

113 2949 159 3000 Sol
189 2949 236 3012 qni
270 2949 362 2998 omnia
397 2947 515 2998 hnmana
550 2945 624 2998 videt
658 2949 686 2998 44
715 2947 797 2998 ’44444
826 2947 980 2998 communis
1014 2947 1169 2999 mortalium
1203 2948 1292 2999 sedes.

113 3037 127 3084 4
146 3033 302 3085 Aetolorum
320 3032 392 3097 leges
410 3031 521 3098 quidem
539 3033 711 3097 ignoramus;
732 3033 781 3083 sed
800 3036 892 3083 nescio
909 3044 944 3083 an
963 3029 1079 3103 44444λή4
1096 3033 1140 3084 hlc
1152 3032 1224 3084 idem
1236 3033 1294 3098 pri·

110 3117 203 3182 4414344
227 3131 313 3182 genus
331 3119 401 3168 inter
418 3117 559 3168 libertinos
576 3117 687 3180 indicet,
708 3121 788 3184 atque
806 3118 917 3169 Athenis
934 3119 1005 3169 inter
1017 3119 1174 3183 inquilinos,
1194 3132 1292 3184 nempe

111 3207 143 3254 nt
160 3203 309 3269 patrocinio
327 3203 386 3254 elue
404 3204 452 3268 qui
469 3203 664 3254 manumiserat
680 3217 735 3254 non
757 3201 893 3266 adstricti,
921 3203 968 3256 sed
987 3208 1096 3270 praeter
1112 3203 1233 3268 suffragii
1251 3205 1293 3256 ine

111 3289 210 3340 eadem
228 3301 259 3339 ac
277 3289 350 3339 ciras
368 3288 528 3340 condicione
547 3293 646 3340 essent.
672 3287 711 3340 ei.
732 3288 848 3354 Hesych.
869 3285 994 3357 ἰσοτελής·
1019 3288 1033 3342 4
1057 3286 1290 3358 44444444444,

110 3371 156 3425 444
178 3371 199 3438 [ὁ
217 3372 379 3438 addiderim]
397 3370 511 3443 μιτέχων
528 3379 579 3425 τῶν
596 3371 699 3440 νόμων,
725 3373 850 3443 parciatur
869 3371 897 3425 δὲ
916 3371 944 3426 od
963 3373 1056 3446 qtpua.
1094 3376 1212 3442 Apparet
1229 3374 1293 3426 inde

111 3473 127 3510 a
141 3471 210 3510 voce
222 3455 266 3510 sol
278 3459 529 3524 frequentissimum
542 3459 618 3509 illum
631 3459 702 3524 apud
715 3461 817 3511 Atticos
829 3461 905 3511 vocis
916 3473 998 3512 44444
1016 3461 1123 3526 respici.
1154 3461 1226 3520 Quae
1244 3474 1294 3510 an-

112 3544 241 3596 tecedunt
258 3545 446 3609 imprudenter
463 3544 634 3608 excerpendo
652 3545 775 3595 mutilata
792 3543 933 3608 videntur,
954 3559 1017 3596 nam
1036 3547 1110 3596 certe
1127 3559 1180 3595 444
1198 3557 1292 3596 omnes

112 3629 254 3682 libertinos
279 3627 400 3686 44444444
419 3632 528 3680 vocatos
546 3629 650 3680 dixerat
674 3632 829 3695 quicunque
852 3632 956 3696 primus
977 3630 1058 3681 huius
1076 3631 1180 3694 glossae
1198 3633 1294 3682 auctor

112 3715 171 3766 init.

196 4019 265 4088 tit
288 4021 406 4086 Tabula
427 4024 558 4105 ahenea,
583 4024 698 4088 littaris
713 4024 896 4104 expunctis
914 4025 1102 4105 compositis,
1127 4023 1288 4086 Dodonae.

109 4126 170 4189 Ed.
195 4127 376 4206 Karapanos
405 4123 532 4188 Dodone
562 4137 595 4189 44
623 4145 674 4189 444
704 4128 814 4189 ruinas
843 4147 877 4208 p.
904 4128 942 4189 60
974 4145 1007 4189 4.
1038 4129 1076 4188 44
1106 4127 1181 4207 (tab.
1206 4127 1290 4189 XXX

109 4249 143 4292 n.
169 4228 212 4310 5).

179 4470 339 4522 litterarum
359 4469 461 4521 iormae
474 4467 606 4520 rotundae
618 4471 706 4532 celin
726 4469 860 4521 vocalium
878 4485 927 4522 ce»
945 4483 1073 4522 mensura
1090 4467 1204 4536 reliquis
1219 4469 1291 4521 litte-
