3094 5074
107 358 167 422 ιιι]
563 359 606 408 ιιι.
632 360 694 409 viu
712 360 825 422 paveo.
1230 361 1292 422 655

194 565 323 645 πρῶτον,
341 559 444 626 ἔπειτα
458 557 661 646 [ἂλῷψκψωῷῶι]
675 554 781 646 dieii,
805 563 906 646 ττψλοῦ
922 558 1061 648 ortulum·
1084 559 1158 647 ἐπὴν
1177 561 1210 627 δέ
1226 566 1294 627 δια-

195 663 315 748 ρανθῆι,
342 659 480 748 καθαρὴν
504 659 571 730 έναι
592 661 646 743 τῷν
669 665 776 749 οἰκίην,
803 663 855 730 καὶ
877 660 938 749 θοή
960 659 1033 730 θύεν
1049 665 1191 751 έφ[ίστια].
1215 665 1219 754 Ι
1238 671 1291 739 τᾶς

193 767 336 850 γυναῖκας
365 761 418 838 τὰς
444 763 574 851 [θοόσψαψς
602 766 665 850 [tiri
693 763 726 832 τὸ
754 765 877 854 κῆδψοςΙ
904 763 1030 850 α’ῷπιέναι
1056 769 1203 855 προτέρας
1232 774 1291 832 τῶν

150 880 184 930 2⁰
203 921 209 934 .
225 865 353 956 ,ἀνδρῶν
365 873 390 914 ¹⁰
404 865 463 935 ἀπὸ
476 871 537 953 [τοῦ
552 886 560 954 ψ,
577 865 727 954 σψῷματος.
760 869 808 934 ἐπὶ
830 873 885 936 τῶι
906 865 1029 936 θανόντι
1050 869 1231 956 τριηκόῷτια
1255 871 1292 957 μὲ

195 971 347 1056 Ιπ]οιὲν“.
395 971 432 1056 μέ
466 967 641 1038 ὑποτιθέναι
672 968 781 1037 κύλικα
815 969 872 1038 ὑπὸ
901 969 964 1057 llll
993 971 1126 1058 κλέΙνψγν,
1159 973 1231 1054 pede
1259 971 1293 1039 τὸ

194 1067 275 1160 ὕδωρ
297 1075 398 1162 έκχέν,
425 1073 497 1159 pade
518 1071 555 1139 τὰ
578 1070 801 1160 καλλόψσμαψψτα
823 1075 913 1162 φέρεν
937 1072 985 1140 ἐπὶ
1006 1072 1038 1140 τὸ
1062 1081 1144 1160 σῆμα
1155 1078 1191 1138 ¹².
1217 1071 1292 1142 ὅπου

193 1170 229 1240 θιν
259 1173 378 1262 [θ]άνηι,
414 1174 495 1262 alneis
528 1177 716 1263 έψὶενεχθέι,
754 1172 791 1262 μέ
828 1177 904 1242 ἰέναι
936 1180 1081 1264 γυναῖκας
1112 1176 1199 1265 π[ρὸ]ς
1231 1177 1291 1265 slipi

151 1289 184 1340 25
197 1278 313 1364 οἰψψιίην
338 1273 465 1351 ἅλλαςέ
488 1275 540 1352 τὰς
564 1279 758 1365 μιαινομένας
768 1283 806 1325 ¹³·
835 1281 1045 1366 [μλαψένεσθψαψ
1061 1280 1094 1344 δέ
1110 1283 1225 1368 μητέρα
1241 1281 1292 1346 καὶ

192 1383 320 1466 γυναῖκα
331 1379 381 1446 καὶ
397 1376 554 1469 ἆδεψλφεὰς
565 1381 631 1464 alui
646 1383 839 1468 [lipparem
857 1379 943 1468 πρ[ὸ]ς
954 1382 988 1447 δέ
999 1379 1134 1466 ratidai<
1146 1383 1183 1468 μέ
1194 1385 1291 1466 [πλέον

192 1485 294 1568 altiora
326 1487 485 1569 γυναικῶν,
521 1487 633 1557 παῖδας
666 1483 699 1548 δέ
711 1487 735 1528 ¹⁴
767 1483 838 1567 idtio,
876 1486 1081 1572 θ]ογ[ατέραςΙ
1108 1482 1242 1572 direptor
1254 1491 1288 1571 ¹⁵,

152 1579 285 1652 ανον
316 1587 349 1652 ν
372 1587 518 1672 ανον.
564 1581 647 1670 ιον
671 1587 954 1674 insinuaturi
981 1589 1198 1674 νουσαννοει
1217 1587 1292 1676 νιν

105 1827 241 1892 allatum).
322 1833 336 1877 5
355 1828 495 1894 Supplevit
507 1828 599 1879 ltoehl.
630 1829 706 1893 Aqua
718 1829 774 1880 sala
792 1832 925 1894 permixta
944 1832 971 1880 in
991 1831 1196 1882 lustrationibus
1214 1845 1291 1882 com-

106 1915 275 1964 memoratur
298 1929 312 1964 a
335 1913 477 1965 Theocrito
499 1912 607 1976 (xxiv,
628 1917 659 1964 55
679 1927 755 1980 ερας
780 1911 889 1984 καθαρῷ
908 1913 936 1966 δὲ
961 1917 1095 1984 πορνισατε
1118 1914 1194 1984 δῶρα
1215 1912 1291 1986 θεείῳ

107 2001 221 2067 πρᾶτον,
247 1997 334 2050 ἔπειτα
357 1991 384 2050 θ’
411 1995 525 2050 ἅλεσσι
550 1998 766 2070 μεμιγμένον,
793 1999 828 2057 ὡς
850 1999 1008 2068 νενόμισται,
1032 1997 1125 2068 θαλλῷ
1142 1997 1291 2070 ἑπιρραένειν

107 2081 264 2152 έστσμμένον
281 2082 393 2154 ἀβλαβὲς
417 2081 493 2154 ὕδωρ)
512 2089 539 2136 et
556 2085 634 2150 alibi;
662 2083 767 2149 [olidum
788 2081 865 2154 [olivus
887 2084 932 2137 καὶ
954 2082 1037 2153 πολιῷ
1054 2083 1171 2156 [πελάγει
1199 2086 1289 2137 Kaihel

107 2170 199 2236 Epigr.
221 2174 265 2221 tir.
288 2173 364 2235 4554,
385 2174 426 2234 55,
448 2174 489 2222 55.
516 2171 547 2221 44.
625 2169 816 2238 45[ἀν]ένδραν
834 2171 916 2222 ltoehl
941 2170 1068 2222 dubitans
1086 2172 1153 2236 ipso.
1190 2171 1292 2222 Viden-

108 2260 152 2305 tur
170 2256 240 2306 duae
259 2257 364 2306 litterae
383 2269 475 2307 errore
500 2257 630 2322 repetitae
654 2260 679 2308 et
704 2256 738 2306 ab
761 2259 818 2322 ipso
840 2256 955 2322 lapicida
977 2269 1071 2307 rursus
1092 2255 1197 2307 deletae
1219 2269 1288 2308 esse.

108 2340 148 2392 cl.
163 2342 347 2402 nem.xt111,
362 2345 409 2392 82:
431 2338 539 2409 βαδίζειν
559 2340 588 2393 at
604 2339 664 2399 τοὺς
682 2339 775 2411 ἄνδρας
793 2339 911 2412 πρόσθεν,
932 2337 992 2393 ὅταν
1012 2338 1178 2412 ἐκφέρωνται,
1198 2338 1244 2398 τὰς
1262 2339 1290 2393 tt

107 2429 231 2496 γυναῖκας
248 2423 362 2480 ὄπισθεν.
400 2428 430 2478 Κ.
513 2431 540 2476 44
563 2426 601 2479 Gi.
619 2428 789 2478 Schoemann
808 2427 841 2478 ad
859 2431 966 2480 Isaeum
984 2441 1010 2494 p.
1031 2431 1091 2490 545,
1111 2429 1159 2491 qui
1177 2426 1292 2478 demon-

107 2514 212 2573 stravit,
238 2513 349 2564 hthenis
367 2525 442 2563 sacra
461 2511 530 2562 lacta
557 2513 634 2564 tertio
654 2510 754 2581 (τρίτα),
778 2527 850 2565 nono
870 2511 980 2578 (ἔνατα),
1007 2513 1146 2578 trigesimo
1166 2511 1290 2580 (τριακάς,

106 2595 249 2667 τριακάδας)
274 2599 319 2649 die
342 2601 403 2665 poet
432 2598 514 2649 lunus
539 2597 602 2658 (non
620 2603 682 2663 post
700 2600 836 2660 mortem).
875 2599 960 2649 iulide
979 2599 1048 2649 haec
1067 2597 1125 2648 lieri
1154 2600 1289 2659 vetantur,

107 2683 153 2734 illa
172 2683 226 2734 duo
245 2685 304 2734 sine
322 2684 405 2735 dubio
425 2683 460 2734 ihi
480 2696 534 2734 non
552 2685 642 2734 minus
661 2683 760 2734 fiebant
778 2697 861 2748 quam
879 2685 998 2736 Athonis.
1030 2684 1061 2733 ll.
1134 2687 1166 2732 ts
1185 2683 1225 2733 hd
1244 2697 1292 2734 sn-

107 2769 277 2834 perstttiosas
295 2770 428 2835 quasdam
446 2769 624 2820 caerimonias
648 2771 806 2834 ceteroquin
832 2772 935 2834 ignotas
958 2769 1025 2820 haee
1050 2771 1173 2831 spectare
1191 2769 1292 2834 proha-

107 2853 200 2905 biliter
218 2855 334 2905 coniecit
351 2855 475 2906 lloohlar.
513 2855 552 2905 De
575 2851 695 2922 προθέσει
718 2859 791 2906 certe
817 2859 926 2921 propter
944 2854 1034 2905 toretri
1053 2855 1218 2904 mentionem
1237 2869 1291 2906 non

107 2951 177 3005 opus
195 2952 254 2991 esse
268 2939 432 3003 intellegere,
453 2942 516 3004 quia
530 2939 557 2989 td
570 2943 631 3004 poet
649 2941 816 3008 sepulturam
834 2941 947 2992 domum
965 2939 1080 2992 relatum
1099 2951 1159 2990 esse
1177 2939 1292 2991 demon-

107 3029 206 3076 straret
223 3039 250 3077 ν.
272 3030 312 3076 45.
349 3025 425 3076 Adde
443 3025 517 3090 quod
535 3025 603 3075 haec
621 3026 643 3075 si
662 3027 695 3076 ad
714 3023 833 3096 πρόθεσιν
851 3026 1026 3092 pertinerent,
1045 3025 1212 3075 alienissimo
1231 3025 1292 3076 loco

108 3113 211 3162 inserta
229 3113 328 3162 essent.
351 3107 519 3178 καλλέοματα
537 3109 669 3162 vocabulo
689 3111 841 3175 Hesychius
859 3113 943 3162 utitur
961 3111 987 3160 in
1007 3109 1207 3175 interpretanda
1226 3124 1291 3162 voce

108 3193 226 3264 τέρματα
246 3197 453 3262 (purgamenta).
485 3197 516 3248 ti.
590 3200 619 3246 45
639 3195 678 3249 Cl.
699 3197 774 3248 Dem.
794 3197 888 3258 XLlll,
910 3200 956 3248 62:
977 3194 1041 3264 μηδ’
1060 3193 1096 3253 εἰς
1112 3193 1145 3246 τὰ
1162 3197 1206 3247 τοῦ
1224 3193 1292 3248 ἀπο-

108 3279 232 3340 θανόντος
259 3279 366 3344 εῑςιέναι,
395 3279 455 3333 ὅταν
481 3278 602 3352 ἐξενεχθῇ
626 3281 640 3334 ὁ
662 3279 752 3344 νέκυς,
777 3286 887 3352 γυναῖκα
910 3279 1036 3350 μηδεμίαν
1060 3279 1128 3350 πλὴν
1147 3279 1204 3332 ὅσαι
1222 3280 1292 3340 ἐντὸς

106 3365 252 3436 ἀνεψιαδῶν
270 3365 340 3418 εἰσιν.
414 3370 444 3417 44
464 3369 505 3419 ΛΕ
524 3367 639 3418 lloahler
656 3369 703 3432 qui
723 3371 811 3419 tamen
831 3371 889 3432 ipse
909 3367 1018 3430 iudicat,
1041 3367 1156 3433 primam
1175 3367 1290 3417 litteram

107 3453 196 3503 videri
215 3457 237 3504 Δ
256 3453 348 3514 luisse,
369 3467 450 3518 quam
470 3454 580 3504 Pittalris
598 3466 706 3518 quoqne
724 3453 843 3506 exhibet.
944 3455 974 3502 tt
994 3452 1131 3518 supplevi.
1164 3451 1292 3503 ltoehlius

107 3538 203 3596 παῖδας
222 3537 250 3590 δέ
266 3536 299 3604 [oi
317 3535 355 3603 ἂν]
371 3537 510 3610 ὑπψιέρχοσι
525 3537 530 3604 Ι
545 3537 671 3608 direptus.
696 3541 730 3590 ht
747 3539 792 3590 hic
811 3540 845 3590 de
864 3538 958 3590 liberis
975 3539 1119 3602 utriusque
1137 3549 1218 3588 serus
1236 3551 1290 3588 nou

108 3625 163 3676 dici
181 3637 299 3676 conexus
317 3627 513 3676 sententiarum
531 3624 635 3690 probat.
661 3623 819 3688 lloehterue,
840 3625 891 3674 etsi
910 3637 963 3674 non
983 3623 1127 3688 supplevit,
1147 3624 1235 3673 ιιιιιιοιι
1249 3623 1292 3672 in-

109 3711 226 3772 dicavit,
251 3710 304 3762 sibl
326 3711 372 3761 hic
390 3710 509 3762 eundem
527 3713 607 3774 atque
632 3711 658 3759 in
683 3709 741 3772 lege
759 3709 865 3761 Solonis
883 3709 1030 3759 terminum
1051 3704 1131 3772 (έντὸς
1149 3704 1291 3775 ὼιεψιαθῶν

107 3797 142 3850 ο4.
164 3799 219 3848 not.
241 3797 282 3859 45)
302 3797 478 3848 coustitutum
497 3795 579 3846 tuisse
597 3795 694 3846 videri.
719 3796 773 3847 Sed
791 3795 855 3846 huic
872 3795 1022 3846 sententiae
1040 3795 1191 3858 repugnant
1208 3793 1290 3844 verba

108 3881 172 3952 πρὸς
191 3879 337 3940 theatrale
355 3881 391 3951 μὴ
416 3879 494 3934 πλέον
516 3878 591 3932 πέντε
615 3885 756 3951 γυναικῶν,
782 3895 852 3946 quae
877 3879 1019 3932 manifesto
1042 3880 1163 3930 indicant
1185 3882 1293 3944 praeter

108 3971 238 4032 matrem,
264 3981 393 4029 uxorem,
419 3981 542 4028 sorores,
562 3967 632 4018 illias
656 3981 688 4018 ex
705 3969 837 4032 proximis
855 3967 1022 4031 cognationis
1039 3963 1169 4029 gradibus
1188 3967 1293 4014 eertum

108 4054 191 4105 modo
213 4067 331 4120 eumque
354 4053 481 4118 exiguum
504 4053 651 4104 mulierum
675 4065 820 4104 numerum
843 4052 958 4102 admitti.
1008 4051 1035 4101 Si
1059 4053 1133 4100 recte
1157 4049 1291 4115 supplevi,

108 4141 231 4205 quinque
249 4140 378 4191 mulieres
396 4143 424 4190 et
446 4139 516 4190 duae
534 4137 641 4203 puellae
659 4141 722 4190 sunt
744 4137 847 4190 electae
870 4151 902 4188 ex
920 4149 1032 4188 numero
1051 4138 1226 4199 cognatarum
1244 4149 1293 4186 us-

108 4239 163 4291 qne
186 4227 219 4277 ad
244 4225 361 4278 eundem
384 4225 512 4289 gradum,
538 4224 607 4274 intra
632 4237 714 4289 quem
736 4224 848 4275 Athenis
872 4221 1029 4274 omnibns
1053 4222 1173 4285 cognatis
1196 4221 1292 4272 adesse

108 4310 216 4363 licebat.
253 4313 323 4362 Sane
340 4311 432 4376 paullo
451 4309 636 4374 neglegentius
654 4310 760 4360 dietum
778 4312 819 4361 est
835 4306 975 4378 θυγατέρας
993 4303 1110 4375 ἀνεψιῶν,
1132 4319 1195 4358 cum
1208 4305 1294 4357 debe-

108 4401 151 4448 ret
169 4393 245 4467 μέχρι
263 4393 375 4466 ἀνεψιῶν
393 4393 550 4467 θυγατέρων.
624 4400 655 4445 45
675 4397 694 4446 l.
709 4411 733 4446 e.
749 4395 876 4446 mulieres
894 4394 928 4445 de
946 4392 1047 4458 quihus
1065 4406 1090 4444 ν.
1104 4395 1205 4442 55-55
1224 4393 1294 4443 dici-

108 4487 164 4544 tur,
184 4488 211 4534 et
229 4485 301 4534 viros
319 4497 415 4534 omnes
433 4486 552 4546 agnatos.
592 4483 641 4532 llic
664 4482 746 4545 igitur
770 4481 919 4533 masculino
943 4492 1040 4544 genere
1064 4483 1138 4530 recte
1156 4479 1240 4530 utitur
1258 4479 1292 4530 de
