3110 5056
110 329 152 394 44)
235 329 268 381 ll.
291 328 311 378 Α
329 326 382 378 fine
399 325 463 377 beili
482 325 701 392 Peloponnesiaci
718 325 753 377 ad
771 323 915 376 Alexandri
933 323 1020 386 444444
1038 326 1162 374 moriem.
1237 322 1296 384 113

109 537 212 588 talenta
230 537 336 600 partam
353 531 492 584 redituum
508 545 542 584 ex
560 529 736 596 vectigalibus
753 530 916 596 quibusdam
940 529 1133 597 inquilinorum
1154 529 1295 581 collectam

111 621 207 674 444444.
314 623 345 670 44
364 617 518 680 Etiamsi,
540 621 571 669 44
589 629 648 683 sqq.
674 615 733 674 τοὺς
750 613 857 684 ταμίας,
883 618 929 682 qui
953 629 986 668 ex
1003 615 1056 667 iliis
1074 616 1170 667 dacem
1189 613 1298 666 44444444

111 711 254 774 sumptum
271 704 405 772 plebisciti
423 701 594 770 insculpendi
617 715 726 767 erogare
745 703 884 764 iubentur,
911 705 1068 768 quaestores
1085 701 1220 752 Minervae
1238 713 1298 752 4444

113 798 174 846 inre
192 785 288 844 statuit
305 791 388 842 lleisr
405 790 416 842 l
434 803 461 856 p.
483 793 524 842 44.
553 788 616 841 Non
634 789 716 852 igitur
731 788 866 855 publicae,
885 787 934 840 sed
951 800 1044 840 sacrae
1063 788 1193 852 pecuniae
1212 790 1298 838 erant.

111 879 246 930 Videntur
263 879 401 943 impensae
423 875 495 928 tituil
519 873 686 927 inscribendi
703 876 731 926 in
758 875 910 942 praesentia
934 875 1027 926 mutua
1050 874 1122 925 sumi
1144 886 1178 924 ex
1195 873 1299 924 aerario

112 965 263 1016 hlinerrae.
289 960 380 1014 4444444
399 973 426 1027 p.
447 963 495 1012 444
517 959 560 1024 444.
580 973 608 1011 4.
629 961 681 1024 44).
755 963 786 1010 44
804 960 939 1012 Diodorus
956 958 1013 1020 xil,
1034 961 1065 1009 44
1084 958 1175 1018 Chios,
1195 959 1300 1024 Byzan-

113 1051 178 1110 tios,
207 1048 342 1111 lihodioa,
370 1046 544 1112 Mytilenaeos
571 1047 673 1113 primos
699 1059 762 1098 cum
789 1043 997 1098 Atheniensibus
1024 1045 1180 1098 societatem
1207 1045 1299 1096 iniisse

113 1137 222 1200 oamt;
241 1137 334 1202 postea
352 1133 464 1186 demum
485 1133 519 1197 (c.
538 1134 581 1196 44)
602 1133 672 1184 banc
689 1132 777 1198 legent
798 1131 880 1184 iatam
898 1129 988 1184 444444.
1024 1129 1102 1192 Quod
1124 1129 1301 1182 confirmatur

115 1219 245 1273 lioehleri
261 1220 415 1273 testimonio
434 1222 500 1284 (not.
521 1219 575 1282 44),
604 1229 639 1269 ex
664 1229 718 1284 qno
743 1217 838 1268 barum
865 1217 1015 1269 civitatium
1043 1218 1153 1269 nomina
1170 1219 1198 1268 44
1215 1227 1300 1267 nnnm

112 1309 257 1372 praeterea
273 1306 524 1372 Methymnaeorum
542 1303 577 1355 eb
594 1304 691 1356 eadem
709 1316 792 1355 manu
809 1304 895 1355 incisa
918 1306 981 1356 sunt
998 1306 1079 1369 44444
1098 1304 1188 1368 ipsum
1206 1302 1302 1354 decre·

115 1395 186 1444 turn.
211 1391 267 1444 4444
279 1395 401 1458 quinque
418 1391 499 1456 igitur
516 1393 578 1441 sunt
601 1387 629 1442 ort
649 1391 693 1442 νῦν
711 1385 783 1443 οὖσαι
801 1386 888 1448 πόλεις
904 1386 1063 1460 συμμαχίδες
1082 1388 1161 1454 (Nam
1179 1388 1213 1440 444
1231 1388 1303 1440 ‘lbe-

117 1477 372 1540 hohbuochi).
478 1479 509 1526 44
527 1475 665 1540 ΤΝΗΤΑΙ,
772 1479 802 1526 44
822 1474 861 1526 Ci.
881 1478 938 1528 not.
958 1479 982 1526 4.
1090 1479 1120 1526 44
1140 1474 1179 1528 (14.
1199 1478 1254 1525 uot.
1276 1477 1301 1524 4.

116 1568 150 1614 444
169 1561 209 1615 Gi.
225 1559 287 1614 444.
359 1567 386 1613 44
403 1561 501 1614 dasch.
515 1562 560 1624 111,
577 1565 640 1613 444;
660 1558 759 1620 πολλὰς
778 1560 824 1629 pto
842 1557 964 1628 πρότιρον
982 1557 1115 1632 πρεσβείας
1133 1557 1303 1630 ἰπρίσβσυσιιν

116 1647 155 1707 als
172 1645 262 1718 Θήβας
280 1645 304 1700 ol
327 1645 435 1716 μάλιστα
457 1644 558 1706 4444444
579 1644 685 1706 minore
708 1645 876 1714 διακείμενοι,
900 1652 1000 1716 πρῶτος
1024 1646 1070 1714 μὲν
1088 1643 1267 1716 Θρασύβουλος
1290 1643 1304 1698 ὁ

117 1727 278 1797 Κολλυτεύς,
297 1731 362 1803 ἀνὴρ
380 1732 407 1786 to
425 1729 522 1804 Θήβαις
539 1729 682 1792 remeabit
700 1732 734 1792 ὡς
752 1731 834 1791 οὐδεὶς
852 1728 946 1802 ἕτερος.
986 1730 1025 1784 Cf.
1044 1735 1186 1800 praeberes
1203 1732 1306 1785 schae-

118 1819 162 1872 ier
178 1820 255 1873 Deru.
275 1821 286 1871 l
304 1834 330 1886 p.
353 1823 400 1870 444
419 1831 478 1886 444.
557 1823 589 1870 44
611 1821 697 1872 ‘inter
713 1821 801 1872 socios
819 1831 933 1886 quorum
952 1820 1061 1870 uomina
1078 1833 1104 1871 v.
1125 1823 1157 1870 44
1176 1833 1235 1886 444.
1256 1831 1305 1870 44-

118 1909 209 1968 stam,
233 1905 293 1957 chii
316 1905 470 1970 Mytilenaei
493 1905 674 1971 Methymnaei
697 1904 793 1957 lihodll
814 1905 935 1971 Byzantii
958 1904 1054 1956 oedem
1078 1917 1161 1956 manu
1183 1906 1305 1971 inscripti

119 2005 182 2045 4444
200 1992 287 2044 videm
303 1993 417 2058 posenni
434 1993 515 2057 44444
533 1990 673 2042 decretum
692 1991 765 2056 qood
788 1989 940 2056 praecedlt;
967 2003 1037 2056 quoa
1061 1991 1089 2041 ln
1111 1991 1205 2043 dextra
1230 1993 1305 2057 parte

120 2079 249 2144 leguntur
264 2089 351 2143 44444
368 2075 404 2128 444
422 2087 448 2128 v.
463 2079 495 2128 44
513 2079 625 2144 propter
641 2075 777 2128 diversam
794 2073 909 2127 44444444
927 2075 1032 2128 litterae
1051 2075 1183 2128 sibilantis
1201 2075 1235 2126 ab
1254 2075 1307 2127 alia

119 2175 207 2216 mann
223 2161 344 2230 proiecta
362 2174 422 2214 ease
439 2161 554 2224 debant;
575 2163 654 2214 tertia
673 2162 790 2228 deniqne
813 2175 908 2214 manus
931 2161 1037 2214 eddidit
1055 2163 1203 2214 Perinthios
1222 2163 1308 2228 Pepa-

119 2251 226 2303 rethios
243 2248 375 2301 Sciathtos
386 2249 530 2300 4444444444
542 2249 669 2312 nicoeam
691 2247 787 2300 eadem
805 2247 916 2300 tortasse
935 2261 1006 2314 quae
1024 2247 1057 2300 ab
1076 2249 1119 2300 his
1136 2249 1308 2301 dextrorsum

120 2337 263 2401 44444444·ί
283 2333 405 2386 lloehler.
443 2334 595 2386 Dolendum
613 2337 669 2396 est,
695 2333 768 2400 quod
789 2347 822 2385 ex
838 2334 881 2386 hie
899 2346 952 2386 nou
971 2335 1147 2401 perspicitur,
1173 2347 1309 2401 quaenam

121 2433 222 2474 manus
239 2419 419 2472 Tenediorum
437 2424 465 2472 44
482 2419 669 2472 444444444444
687 2421 796 2472 nomina
814 2419 948 2472 inciderit.
1022 2424 1052 2471 44
1072 2418 1112 2474 Gi.
1131 2423 1186 2472 not.
1207 2424 1232 2471 4.
1253 2417 1308 2472 444.

123 2511 157 2556 st
177 2505 216 2559 ci.
237 2519 264 2557 n.
286 2509 326 2556 44.
410 2507 442 2556 44
461 2506 561 2558 Iniuria
579 2507 672 2558 Busolt
689 2519 715 2573 p.
737 2509 781 2556 ’444
804 2506 868 2558 huic
891 2507 994 2558 civitati
1018 2511 1128 2573 propter
1151 2507 1309 2572 dignitatem

123 2593 211 2644 elium
237 2591 327 2644 locum
353 2589 484 2643 tributum
512 2605 571 2644 esse
595 2593 674 2653 dicit,
703 2595 784 2658 atqua
812 2605 844 2644 ex
873 2595 1025 2660 temporum
1052 2593 1147 2646 ordine
1174 2592 1308 2644 debuerit.

121 2677 247 2744 Namque
265 2679 344 2729 incisi
362 2681 426 2729 sunt
441 2675 561 2729 Thebani
588 2679 669 2745 primi
692 2681 754 2744 post
779 2689 825 2730 eas
851 2681 972 2744 quinque
998 2679 1129 2743 civitates,
1160 2691 1229 2745 quaa
1255 2681 1310 2730 iam

122 2767 187 2816 4444
200 2763 351 2815 Aristotelis
368 2761 540 2828 plebiscitum
558 2763 664 2816 concilii
682 2765 819 2816 sociorum
837 2767 981 2830 participes
993 2765 1098 2818 4444444
1117 2767 1182 2830 (not.
1198 2769 1240 2816 44.
1255 2767 1309 2826 44),

125 2863 159 2902 sc
176 2861 207 2900 re
224 2861 289 2901 vera
305 2849 427 2916 proximo
444 2852 507 2915 post
524 2849 613 2914 legem
630 2849 711 2901 latam
730 2853 851 2916 tempora
870 2863 917 2902 eos
935 2852 1057 2917 receptos
1076 2863 1135 2904 esee
1153 2855 1267 2918 apparet
1278 2864 1311 2902 ex

124 2949 153 2986 v.
174 2938 216 2997 44,
237 2933 284 2986 ubi
302 2936 395 2986 statim
415 2931 513 2998 (airino
531 2932 609 3004 μάλα)
630 2935 733 3002 legatos
750 2933 856 2988 'thebas
879 2935 1025 2988 mittendos
1048 2949 1108 2988 esse
1126 2939 1310 2990 constituitur.

125 3021 245 3072 44444444
263 3023 323 3087 post
340 3018 481 3072 Thebanos
498 3023 526 3072 in
545 3021 636 3074 tabula
653 3025 717 3074 sunt
734 3021 939 3086 Chalcidensee;
965 3033 997 3072 ac
1018 3035 1083 3074 cum
1101 3023 1143 3074 his
1161 3026 1222 3089 posi
1239 3023 1314 3076 redi·

124 3111 187 3157 tum
205 3105 355 3170 legatorum
373 3105 481 3156 illorum
499 3105 611 3158 demum
631 3106 728 3159 toedua
745 3107 846 3159 iactum
868 3119 929 3158 ease
946 3107 989 3158 vel
1008 3107 1071 3159 inde
1088 3113 1211 3174 apparat,
1239 3109 1314 3176 quod

125 3191 202 3243 idem
220 3190 393 3255 Pyrrhander
413 3190 621 3258 Anaphlyetius,
646 3193 694 3259 qui
717 3194 808 3244 statim
831 3191 960 3260 posthoc
985 3191 1157 3258 plebiscitum
1181 3195 1314 3261 perlatum

126 3275 236 3328 Thebae
253 3275 391 3342 proiectus
408 3279 476 3340 erat,
495 3279 660 3344 rogationem
679 3279 713 3330 da
732 3280 860 3330 societate
878 3291 941 3330 cum
955 3278 1179 3331 Chalcidensibus
1196 3281 1315 3332 ineunda

125 3362 190 3414 tulit
208 3363 263 3426 (44,
283 3363 318 3425 8).
400 3365 432 3413 io
450 3363 541 3430 Steph.
561 3363 625 3429 Byz.
645 3359 788 3434 ’Apthouec
806 3361 880 3423 πόλις
899 3360 991 3434 Συρίας
1008 3363 1052 3416 καὶ
1069 3356 1172 3434 Θρᾴκης
1190 3365 1234 3417 sui
1252 3361 1314 3420 Εὖ·

127 3444 225 3518 βσίας
242 3473 278 3486 ··-
294 3445 324 3500 rt
342 3441 441 3500 444444
460 3445 631 3519 ’opitulatos
668 3451 808 3502 Praetereo
833 3463 966 3516 nusquam
990 3454 1221 3502 commemoratur
1238 3453 1317 3519 oppi-

127 3533 206 3596 dum,
226 3533 388 3600 aliquotiens
406 3533 466 3587 lons
483 3536 511 3586 in
529 3547 594 3600 egro
612 3535 829 3588 Chalcidensium
847 3538 924 3588 situs.
955 3536 1063 3598 Civitas,
1084 3549 1155 3602 quae
1173 3537 1201 3588 ln
1218 3540 1317 3604 prioris

128 3619 250 3671 toederis
267 3617 430 3671 tributorum
448 3620 585 3673 laterculis
609 3634 748 3688 nunquam
771 3624 1012 3683 commemoratur,
1039 3635 1093 3673 non
1117 3621 1167 3674 diu
1189 3625 1231 3674 sui
1250 3625 1317 3676 iuris

128 3703 215 3756 444444
233 3704 343 3756 ridetur
360 3704 499 3769 (Schaeler
515 3707 549 3759 de
568 3719 625 3760 soc.
645 3721 672 3774 p.
693 3709 730 3771 4).
837 3711 868 3759 44
887 3709 1076 3774 Byzantiorum
1099 3709 1224 3775 exemplo
1248 3707 1319 3760 hanc

128 3790 381 3842 coniunctissimam
408 3803 472 3843 curn
497 3793 530 3844 iis
556 3795 694 3845 civitatem
719 3799 750 3846 ot
776 3795 899 3847 4444444444
922 3785 1065 3847 accederet
1088 3797 1240 3860 permotam
1258 3805 1318 3846 esse

128 3878 206 3928 recte
223 3876 318 3927 statuit
333 3876 461 3928 schaeler
478 3877 511 3929 de
529 3891 585 3930 soc.
600 3892 627 3946 p.
642 3882 670 3942 4;
692 3884 720 3932 44
737 3893 791 3933 444
809 3893 862 3932 444
880 3893 943 3933 cum
960 3883 1009 3943 444,
1029 3880 1078 3933 sed
1096 3882 1159 3945 post
1176 3879 1320 3931 Euboean·

128 3972 177 4014 sea
194 3959 307 4012 demum
324 3967 497 4015 accesserunt
507 3964 644 4017 ,4444444444
665 3965 729 4030 (noi.
750 3967 802 4030 44).
879 3971 910 4018 44
935 3965 975 4019 Gi.
995 3967 1104 4020 Diodor.
1123 3965 1183 4026 XV,
1204 3969 1252 4016 so:
1272 3969 1321 4034 elie

129 4038 161 4098 δ’
178 4043 229 4098 4444
245 4051 297 4098 τῶν
314 4041 459 4117 ’Admetus
477 4046 669 4120 tumppbaitrqe
687 4049 820 4120 δυνάμεως
837 4048 980 4122 ἡγούμενος
991 4048 1108 4122 Χαβρίας
1126 4047 1255 4120 44644444
1271 4050 1319 4120 τὴν

128 4124 290 4186 Ἑστιαιῶτιν
307 4133 409 4204 χώραν·
427 4161 463 4173 -
480 4133 556 4196 αὐτὸς
573 4135 602 4190 tt
618 4140 675 4197 ταῖς
692 4131 810 4192 Κυκλάσι
826 4135 914 4207 νήσοις
930 4136 1058 4191 trochleis
1076 4135 1249 4209 cpotqqdqsco
1268 4133 1321 4191 sss-

130 4214 254 4287 eepqtoo
280 4218 325 4270 sal
342 4215 454 4273 2444444
479 4220 523 4274 444
539 4239 608 4281 τινας
624 4221 704 4283 ἄλλας
724 4223 857 4290 (intellege
886 4225 959 4274 lcum
985 4229 1011 4275 et
1037 4222 1181 4276 nonnullas
1206 4223 1320 4277 fortasse

131 4315 252 4370 quarum
283 4307 393 4358 nomina
424 4309 619 4361 interciderunt
644 4323 670 4360 v.
696 4311 815 4373 44-44)
844 4306 997 4380 τεταγμένας
1025 4305 1072 4361 444
1098 4305 1320 4380 Λακεδαιμονίοις.

132 4389 209 4442 llaec
221 4389 354 4443 chabriae
371 4393 507 4460 expeditio
518 4398 580 4446 ante
593 4399 769 4447 nnctumnum
783 4399 869 4448 4444.
884 4394 958 4458 Chr„
978 4407 1030 4461 quo
1044 4392 1131 4448 04444
1148 4400 1206 4448 tum
1222 4395 1322 4448 trustra

131 4475 169 4528 ab
188 4475 305 4528 Chabria
324 4481 421 4529 tenuta
440 4479 539 4532 deiecit
556 4494 572 4531 a
591 4481 810 4534 Lacedaemoniis
835 4481 915 4545 (Xon.
937 4479 1005 4532 lleil.
1026 4481 1057 4544 v,
1079 4484 1103 4542 4,
1126 4485 1157 4533 44
1176 4485 1226 4549 44.)
1252 4481 1323 4534 lecte

187 4575 415 4630 Dittenharqsr.
430 4578 526 4634 syttoqa.
1100 4589 1113 4636 s
