3084 5052
787 312 849 362 Pars
867 311 960 363 altera.
1372 313 1456 378 [tlt-

406 511 604 603 Ἄρχαντσς
625 511 834 582 Εὐαινέτου
958 515 1106 604 Αἰσχίνης
1128 512 1310 603 Τηλεμάχου

455 614 787 705 ὶιιμσνσφόλαιιες1
978 613 1224 705 γραμματεύς

369 719 508 795 Καλλίας
526 717 740 808 Ἀριστοδήμου
950 716 1109 807 Ἁρμόδιος
1131 719 1284 808 Θεάνδρσα

369 820 575 910 Κιησιππίδης
599 820 763 912 Κράτωνσς
979 819 1138 909 σιτώνης

340 923 556 1012 5Νιασσ8ένης
578 925 767 1012 Κτησικλέσυ
950 922 1149 1012 Ἀντιλείδηςῖ
1168 923 1353 1012 Ἐπικράτσν

368 1025 501 1115 Εὐτέλης
522 1026 726 1116 [KPteeptcrcu
958 1034 1024 1094 τσῠ
1047 1031 1222 1096 ἐνιαυτοῦ
1246 1023 1384 1115 ἡμέραι

369 1129 506 1206 Nanctus
524 1125 707 1198 Ἔπισθένσιν
961 1129 1208 1206 ΗΗΗΙΠΔΔΔΙ
1221 1131 1248 1196 ΙΙ
1261 1131 1269 1196 l

367 1231 505 1322 Χαιρέας
523 1231 766 1320 Ἀρισ[τ]ο[μ]ήδσα
958 1237 1092 1322 κῆρυξ·
1123 1231 1262 1321 Ἀρίστων
1282 1229 1457 1319 Ἀριστ·--·

350 1475 465 1528 Litterae
483 1476 606 1540 volgares
624 1479 731 1540 praeter
748 1477 828 1528 ΘΞΣ.
919 1479 929 1524 4
958 1471 1162 1546 λιμινοφὺλαασς
1184 1475 1366 1542 Carystiorum
1388 1475 1457 1524 etiam

280 1561 307 1610 in
331 1559 385 1612 allo
403 1560 483 1612 titulo
501 1563 572 1622 sunt,
599 1574 680 1626 quem
708 1561 793 1612 edidit
818 1562 845 1612 Ρ.
866 1561 954 1613 llaase
982 1562 1039 1613 lnd.
1067 1562 1128 1614 lect.
1157 1559 1214 1612 hib.
1244 1559 1351 1613 Vratlsl.
1378 1555 1454 1622 lilith

280 1658 307 1710 p.
323 1650 347 1696 l.
438 1647 676 1700 ἈΝΤΙΑΕΙΔΗΣ
694 1645 810 1698 Boeckh.
829 1649 1048 1700 ΑΝΤΙΛΕΙΔΗΣ
1067 1646 1172 1708 (ittam,
1193 1647 1241 1712 qui
1259 1647 1358 1698 iniuria
1374 1657 1456 1696 ameti-

280 1729 355 1781 davit
372 1725 568 1800 ’Avrdalileidrpe
605 1733 824 1797 Patronymicum
849 1735 890 1784 ast
915 1746 930 1784 a
959 1734 1068 1784 nomine
1095 1725 1232 1789 Ἀντίλεσς
1258 1731 1407 1783 derivatum
1432 1733 1456 1780 ut

281 1809 456 1886 Σιηαλείδης,
476 1819 541 1868 item
560 1817 678 1868 hominis
697 1818 768 1868 lonis
792 1817 910 1868 insulani
930 1831 1031 1870 nomen
1058 1819 1094 1882 (a.
1115 1821 1174 1882 titt,
1194 1821 1244 1868 tull
1264 1817 1343 1883 sqql,
1364 1829 1378 1866 a
1396 1809 1454 1882 Στη-

281 1896 372 1960 σίλεως
393 1903 428 1962 lu.
444 1905 503 1961 till,
526 1907 573 1952 tta
588 1909 672 1968 σαψ).

365 2205 434 2273 etl
456 2209 575 2291 Ephesi
602 2229 700 2291 prope
728 2209 846 2273 flumen
873 2211 1042 2293 Caystrum
1078 2209 1145 2273 iere
1172 2209 1300 2275 duobus
1326 2210 1454 2273 miliariis

277 2309 419 2393 Anglicis
445 2332 462 2374 e
493 2313 560 2375 vico
589 2309 758 2392 Ajossulut
783 2314 1034 2394 septentrionem
1062 2333 1188 2378 versus.
1240 2313 1325 2377 Edd.
1356 2309 1451 2388 wool,

279 2414 474 2478 Disccverics
496 2423 528 2477 at
549 2416 697 2496 Ephesus
718 2413 865 2496 Append.
892 2417 911 2477 8
934 2437 968 2498 p.
987 2418 1006 2480 α
1037 2435 1070 2478 n.
1091 2419 1120 2479 l.
1166 2417 1204 2480 ll.
1229 2417 1360 2481 [tereste
1381 2417 1454 2476 Nou-

277 2517 361 2580 velle
389 2535 488 2580 revue
520 2518 696 2598 historique
731 2517 772 2582 de
802 2517 885 2582 droit
912 2519 1047 2599 franceis
1076 2529 1107 2583 et
1136 2524 1288 2600 berenger
1317 2521 1328 2580 l
1358 2513 1450 2600 (terti

277 2639 310 2700 p.
331 2619 386 2680 464
408 2638 478 2700 sqq.
505 2639 576 2684 cnm
599 2622 820 2684 commentario
843 2621 935 2702 pleno
958 2621 1119 2685 doctrinae
1143 2631 1176 2686 et
1196 2621 1362 2700 acuminis,
1386 2635 1452 2684 usus

276 2731 388 2802 ectypo
411 2723 573 2786 chartaceo
596 2743 614 2784 a
638 2723 673 2785 C.
698 2724 850 2786 Newtonc
872 2733 1013 2806 accepto.

362 2941 549 2956 --------
567 2906 616 2990 lat
646 2907 816 2974 δικασταίῑ.
836 2943 874 2956 --
906 2909 1015 2982 ἐξεῖναι
1038 2907 1071 2975 δὲ
1106 2911 1169 2983 τσῖς
1206 2911 1371 2988 δικασταῖς,
1406 2903 1450 2973 etv

364 3005 464 3082 αὐτοῖς
495 3007 535 3094 μὴ
564 3009 709 3097 φαίνηται
737 3007 907 3077 δικαστικὸν
929 3010 1029 3077 σῖναιῖ
1049 3009 1083 3078 τὸ
1103 3016 1229 3100 πρᾶγμα
1251 3007 1322 3077 ἀλλ’
1348 3008 1364 3077 ὃ
1386 3007 1449 3096 pdvl

348 3233 370 3294 t)
392 3233 469 3283 initio
488 3233 582 3285 titulus
600 3234 711 3285 mutilus
729 3237 779 3299 est,
799 3235 846 3286 sad
865 3235 1013 3303 principale
1032 3241 1105 3288 certe
1124 3250 1218 3287 eorum
1238 3250 1310 3302 qnae
1328 3233 1452 3302 perierunt
1506 3209 1507 3227 ¹

275 3322 465 3383 argumentum
495 3319 573 3384 quale
595 3318 677 3370 luerit
701 3333 733 3370 ex
758 3319 936 3386 sequentibus
963 3321 1060 3374 collato
1088 3319 1165 3373 ululo
1192 3325 1241 3372 tit
1269 3321 1405 3388 perspexit
1423 3319 1448 3369 n.

276 3403 387 3470 Ephesii
414 3417 500 3469 quum
522 3417 593 3455 anno
621 3408 653 3455 tta
672 3419 696 3456 a.
717 3403 780 3457 Chr.
808 3417 824 3454 a
848 3405 1001 3459 Mithridate
1028 3406 1198 3471 deiecissent,
1227 3407 1404 3459 decreverunt
1427 3403 1451 3452 nt

276 3503 345 3555 quae
364 3492 496 3556 pecuniae
520 3489 704 3551 debebantur,
730 3503 779 3540 eae
801 3491 1005 3544 remitterentur
1028 3491 1213 3555 debitoribus,
1237 3493 1355 3560 exceptis
1372 3495 1448 3543 tamen

275 3577 325 3639 ais,
345 3576 392 3641 qui
411 3575 508 3627 landos
527 3575 696 3641 hypothecae
714 3575 852 3627 dederant.
889 3577 940 3628 Sed
957 3579 1061 3644 eliquat
1085 3579 1166 3630 etiam
1190 3580 1269 3629 annis
1295 3583 1368 3645 post,
1392 3585 1449 3640 pace

276 3661 347 3712 inter
364 3661 544 3712 Mithridatem
564 3664 590 3712 et
603 3661 737 3712 llomanos
756 3660 824 3712 iacta
843 3675 928 3727 quum
947 3661 1083 3714 debitores
1101 3663 1288 3730 hypothecarli
1307 3675 1391 3728 neque
1402 3659 1449 3710 sal·

274 3747 362 3799 vendo
376 3749 467 3798 essent
480 3759 567 3812 neom
585 3747 613 3795 in
632 3759 739 3796 summa
757 3747 877 3798 omnium
896 3749 986 3814 inopia
1005 3747 1103 3800 landos
1121 3749 1239 3801 vendere
1258 3761 1291 3801 ex
1309 3759 1391 3813 eaque
1407 3757 1449 3810 pe-

276 3833 356 3884 cunia
376 3831 466 3887 debita
485 3831 640 3896 persolvere
659 3834 778 3896 possent,
799 3831 866 3882 baec
884 3833 928 3884 lex
947 3837 1039 3898 rogata
1058 3838 1106 3886 est.
1138 3834 1240 3901 Nempe
1260 3847 1294 3886 ax
1306 3835 1363 3886 inre
1375 3831 1448 3881 lirae·

275 3931 369 3969 corum
389 3917 541 3984 hypotheca
560 3918 582 3968 si
602 3915 709 3967 debitor
727 3917 857 3968 solvendo
874 3931 928 3969 non
948 3923 1014 3982 arai,
1044 3922 1138 3985 utique
1162 3923 1216 3971 tota
1239 3919 1274 3972 ad
1298 3918 1447 3970 creditorem

275 4004 459 4068 perveniebat,
482 4004 588 4054 etiamsi
607 4001 694 4052 multo
713 4003 823 4054 maioris
841 4004 920 4068 pratil
939 4007 997 4055 erat
1021 4018 1101 4070 quam
1126 4017 1233 4056 summa
1257 4005 1384 4072 pecuniae
1405 4000 1448 4052 de·

275 4089 338 4140 bita.
372 4089 448 4150 Quod
478 4101 563 4154 quum
594 4089 620 4138 in
648 4086 694 4138 illa
721 4090 860 4138 communi
890 4089 1043 4142 calamitate
1072 4091 1196 4156 iniquum
1226 4090 1371 4151 videretur,
1395 4085 1445 4148 last

275 4177 385 4225 cautum
414 4178 470 4237 cst,
504 4177 536 4225 ut
567 4172 642 4224 iundi
672 4171 781 4237 obligati
805 4174 1015 4226 aestimarentur
1047 4177 1074 4226 et
1105 4188 1154 4240 pro
1179 4178 1302 4242 portione
1329 4171 1446 4240 pecuniae

274 4259 382 4310 debitae
407 4263 434 4310 et
462 4259 541 4324 pretii
565 4257 753 4311 dividerentur
779 4261 847 4310 inter
874 4259 1025 4312 debitorem
1053 4265 1080 4311 et
1105 4261 1278 4313 creditorem.
1316 4261 1358 4310 Vs.
1377 4255 1443 4304 t-t

273 4344 307 4394 ad
335 4343 548 4395 aestimationem
582 4343 657 4394 lundi
692 4346 720 4394 at
751 4343 881 4396 iudicium
915 4345 949 4396 de
977 4345 1092 4410 pecnnia
1119 4346 1209 4398 debita
1244 4347 1373 4413 spectant,
1404 4349 1444 4389 ⁸0·

273 4431 381 4494 quantia
400 4430 435 4481 ad
454 4431 540 4495 ipsam
558 4431 614 4493 agri
633 4429 805 4480 divisionem.
894 4433 909 4478 a
928 4431 1047 4482 Pretium
1066 4431 1142 4483 tundi
1160 4437 1274 4498 nquaa
1291 4423 1444 4484 aestimabat
