3110 5056
95 309 152 371 444]
249 309 294 360 444.
319 307 359 358 ab
377 307 519 358 Alexandri
537 309 624 372 Magni
642 311 728 360 morte
747 310 781 360 ad
801 309 958 360 Corinthum
977 310 1102 363 deletam.
1217 313 1276 375 193

179 513 241 586 τοῖς
260 507 437 599 'illaqueata
459 511 510 579 καὶ
530 515 575 578 rei
595 509 714 600 χοῖραι,
746 511 798 579 καὶ
823 513 828 600 i
853 511 1033 602 ἐπιστάτης4
1062 513 1199 603 sippiale
1222 512 1278 582 iai

179 619 234 682 τοῦ
256 614 361 702 δήμ[οο
381 653 492 666 -----
513 611 696 702 ἀναθήματα
712 617 716 702 i
845 613 1013 704 &sichimitas
1040 615 1192 703 κάλ[λιστα

181 757 223 770 --
245 716 302 804 idai
324 709 451 806 ὖστερ[ον
459 756 692 770 ----------
693 722 701 804 ]

255 877 409 888 ——a—

91 983 182 1032 Prima
199 995 265 1032 sane
283 981 379 1046 legatie
396 995 429 1032 err
447 979 513 1031 urbe
537 980 572 1031 ad
596 980 775 1032 Cassandrum
801 982 881 1032 missa
908 984 950 1032 eat
975 981 1018 1044 (ci.
1038 986 1094 1034 aot.
1114 985 1151 1049 4).
1192 985 1225 1036 tlt
1248 1001 1278 1037 ea

90 1066 217 1118 noudum
234 1067 386 1118 conlectum
405 1079 464 1117 esee
487 1067 623 1132 negotium
642 1066 775 1118 Diodorus
799 1065 900 1118 iudicat
923 1081 987 1120 eum
1008 1067 1074 1120 dicit
1090 1067 1233 1139 γενομέναν
1251 1069 1279 1124 ti

90 1151 258 1205 πλειόνων
278 1150 454 1214 ἐντεύξεων
472 1148 606 1205 συνέθεντο
623 1149 670 1220 τὴν
689 1149 802 1222 εἰρήνην.
845 1153 998 1216 Demetrius
1015 1157 1105 1219 igilur,
1125 1155 1228 1221 legatus
1246 1157 1288 1209 ads

89 1240 170 1290 cives
187 1241 235 1306 qui
257 1239 353 1290 urbem
378 1239 507 1289 tenebant
528 1237 680 1304 proiectus,
708 1238 893 1290 moderatione
916 1242 944 1290 et
966 1240 1084 1294 sollertia
1109 1241 1280 1294 difficultates

91 1340 166 1392 quae
185 1327 339 1376 animorum
357 1325 571 1376 reconciliationi
594 1323 737 1376 obstabant
754 1325 902 1377 removisse
919 1326 1037 1378 videtur.
1125 1331 1139 1380 4
1158 1331 1212 1382 hut
1229 1329 1281 1382 hoc

89 1415 141 1464 4444
157 1409 302 1482 προστάτης
327 1411 399 1475 (cell.
419 1411 585 1462 Demochare
607 1411 679 1476 apud
698 1409 790 1476 Polyb.
810 1411 869 1474 llll,
892 1415 932 1474 44,
953 1415 977 1476 4)
1004 1415 1190 1480 reponendum
1209 1429 1279 1481 esse,

90 1500 157 1565 quia
176 1495 333 1568 ἐπιμελητὴς
354 1495 540 1566 (manticae),
560 1497 632 1564 quod
646 1497 780 1549 Diodorus
798 1497 881 1548 habet
898 1499 991 1562 livill,
1013 1502 1055 1552 44.
1075 1501 1135 1565 XX,
1157 1505 1197 1566 ta,
1218 1515 1281 1569 spa-

90 1587 123 1634 tii
143 1583 294 1635 rationibus
312 1597 365 1634 non
384 1585 549 1648 conveniret,
570 1585 675 1634 monuit
692 1583 815 1634 lloehler.

89 1777 249 1784 *—
600 1775 1276 1790 -·-·-————--——--—-—--—.-.--

185 1907 249 1975 121
274 1913 362 1973 Basis
384 1909 536 1994 quadrata
564 1913 727 1974 marmoris
750 1913 898 1974 Pentelici
927 1913 1057 1977 iuventa
1087 1935 1168 1977 anne
1199 1917 1279 1978 4850

90 2017 246 2077 Eleusine
269 2015 353 2078 inter
372 2014 485 2078 rudera
501 2016 663 2097 propylaei
679 2015 719 2077 ab
733 2013 792 2098 Ap.
813 2015 943 2078 Claudio
958 2021 1109 2080 exstructi
1126 2029 1158 2081 et
1172 2021 1281 2101 tempii

91 2119 236 2182 Cereris
282 2115 363 2180 Edd.
392 2119 540 2200 Rangabe
569 2119 751 2200 Antiquitas
779 2119 981 2201 hellaniquas
1012 2121 1105 2184 44479.
1152 2125 1203 2184 W.
1228 2123 1283 2186 Vi-

89 2223 188 2284 scher
216 2222 328 2284 Kleine
359 2221 516 2284 Schriften
548 2223 572 2282 ll
606 2242 639 2303 p.
665 2223 705 2282 87
739 2241 772 2286 n.
798 2221 851 2284 444.
904 2224 1035 2286 Pittakis
1067 2225 1148 2306 Eph.
1185 2226 1279 2287 2567.

90 2329 285 2386 Lenormant
307 2325 502 2388 Recherches
524 2326 780 2406 archeolngiques
802 2329 820 2387 a
844 2325 969 2388 Eleusis
991 2346 1022 2407 p.
1050 2325 1068 2386 a
1092 2347 1125 2390 u.
1151 2330 1184 2390 3.

597 2535 631 2594 ln
655 2533 772 2596 fronte:

179 2679 347 2771 Ἀθηναίων
369 2685 398 2750 οἱ
419 2686 594 2771 τεταγμένοι
616 2683 671 2752 ὑπὸ
693 2689 746 2752 τοῦ
771 2681 887 2772 δήμου1
905 2684 908 2770 i
926 2685 957 2750 ἐν
976 2681 1131 2752 Ἐλευσῖνι
1147 2687 1199 2753 καὶ
1216 2687 1283 2754 Πα-

183 2784 296 2854 νάκτιοι
316 2787 368 2854 καὶ
390 2788 439 2854 ἐπὶ
454 2789 555 2876 Φολῆι
575 2787 624 2856 τὸν
645 2790 650 2878 i
670 2785 857 2878 urpcrrpgiffl
879 2785 1049 2876 Δημήτριον
1072 2789 1283 2880 Φανοστράτου

185 2892 334 2980 Φαληρέα
353 2891 358 2979 Ι
379 2888 622 2980 στεφανώσαντες
644 2889 782 2981 Δήμητρι
803 2891 854 2958 καὶ
877 2889 972 2980 Kopai
994 2889 1158 2980 catharrus.

165 3171 282 3222 Litterae
301 3170 424 3234 volgares
441 3173 549 3235 praeter
567 3173 598 3232 Σ,
617 3171 640 3222 ai
659 3173 740 3223 modo
759 3171 827 3222 haec
845 3171 929 3222 lorma
948 3185 978 3221 re
998 3185 1060 3223 vera
1078 3173 1106 3222 in
1125 3173 1214 3238 lapide
1232 3177 1281 3224 est.

90 3263 102 3307 4
129 3258 211 3308 Paus.
232 3258 252 3320 l,
272 3261 315 3318 45,
337 3261 351 3306 6
369 3258 515 3308 Panaciam
533 3257 711 3308 aCasaandro
730 3261 892 3323 occupatum
911 3259 1010 3308 narrat.
1042 3257 1119 3319 Quod
1137 3259 1283 3310 vischerus

88 3357 159 3396 cum
180 3341 262 3394 huius
280 3343 352 3394 4444444
369 3343 525 3394 testimonio
543 3345 583 3394 sic
601 3344 681 3394 modo
700 3345 837 3395 conciliari
855 3357 936 3410 posse
954 3345 1094 3409 iudicavit,
1113 3347 1144 3395 444
1162 3358 1283 3396 sumere·

88 3443 157 3480 mus
182 3431 275 3494 postea
298 3429 433 3494 praesidia
451 3429 625 3481 Macedonica
649 3444 682 3481 ex
705 3430 758 3482 illis
782 3430 923 3496 praesidiis
946 3430 1061 3482 deducta
1085 3434 1112 3481 et
1135 3432 1222 3482 Attica
1246 3431 1281 3482 4444

88 3516 228 3568 collocata
250 3528 320 3566 esse.
365 3517 396 3566 44
421 3513 534 3567 fortasse
558 3530 612 3567 unu
630 3517 789 3568 Macedones
812 3519 839 3567 et
862 3517 1039 3568 Athenienses
1062 3516 1117 3567 illic
1140 3519 1281 3568 stationem

89 3601 244 3654 habehant.
315 3605 330 3652 4
348 3601 437 3662 Quum
457 3601 501 3653 hic
513 3604 608 3654 titulus
622 3603 804 3666 dedicaretur,
823 3605 930 3668 praetor
948 3601 997 3652 44444
1014 3603 1183 3665 Demetrius,
1203 3607 1283 3655 antea

89 3693 149 3740 iarn
170 3691 213 3739 ter
232 3688 266 3751 44.
287 3691 378 3752 4-444
407 3691 533 3754 praetura
557 3689 666 3740 iunctus
687 3691 754 3742 arat.
789 3690 877 3750 Quare
895 3689 922 3740 id
941 3689 1052 3754 quidem
1069 3690 1199 3742 Vischero
1217 3704 1284 3742 con-

88 3775 253 3828 cedendum
271 3777 325 3838 eat,
351 3785 403 3824 non
427 3775 504 3840 priua
526 3789 608 3840 quarn
633 3777 728 3841 quarto
751 3775 857 3840 imperii
875 3787 946 3826 anno
967 3775 1016 3839 (04.
1037 3780 1096 3840 444,
1118 3780 1142 3826 4.
1163 3774 1237 3844 44444
1256 3792 1280 3828 a.

89 3863 172 3925 Chr.)
193 3861 246 3912 hoc
263 3864 472 3912 mouumentum
490 3865 611 3913 erectum
628 3874 698 3912 esse.
735 3861 768 3913 444
790 3875 854 3912 uero
877 3873 940 3911 cum
959 3862 1110 3927 illo'usque
1128 3863 1163 3914 ad
1181 3876 1281 3914 annum

89 3949 136 4000 04.
159 3950 226 4009 444,
247 3948 271 4000 t.
291 3944 367 4014 44444
390 3959 415 3998 a.
442 3947 505 3999 Chr.
529 3948 745 4009 descendamus,
770 3949 954 3999 necessarium
978 3963 1030 3998 non
1054 3949 1169 4001 videtur.
1213 3949 1282 4001 Nam

89 4036 218 4102 primurn
242 4031 287 4083 ille
311 4031 493 4098 proficiscitur
516 4033 551 4085 ah
576 4047 647 4085 auno
669 4033 710 4085 Ol.
732 4037 790 4096 444,
812 4037 825 4084 4
847 4031 1079 4102 (4441446444),
1106 4049 1169 4086 curn
1193 4039 1282 4085 tamen

89 4122 155 4173 lieri
174 4120 304 4185 potuerit,
323 4123 354 4171 444
372 4120 425 4171 lam
444 4133 515 4171 anno
534 4120 721 4180 antecedente,
740 4121 820 4171 cuius
837 4121 913 4170 initio
932 4121 1084 4172 Demetrius
1102 4135 1194 4171 rerum
1211 4122 1283 4186 poti-

90 4213 139 4258 tus
153 4209 206 4269 444,
226 4207 351 4272 praetura
369 4206 486 4256 adeum
499 4205 665 4270 deterretur3
685 4206 783 4257 deinde
795 4221 860 4258 vero
874 4207 977 4270 dubito,
1000 4220 1064 4258 uum
1078 4208 1136 4257 iure
1149 4208 1181 4260 V.
1201 4209 1282 4258 etlam

89 4291 295 4360 praefecturam
314 4292 437 4357 equitum
462 4294 489 4342 iu
508 4305 603 4343 eorum
623 4293 755 4343 honorum
775 4307 888 4344 numero
907 4292 1041 4354 hahuerit,
1069 4293 1167 4358 quibus
1185 4295 1283 4345 Deme·

92 4383 165 4431 trius
184 4392 234 4444 per
255 4379 424 4444 principatus
442 4379 484 4431 sui
504 4381 610 4444 tempus
629 4378 737 4430 iunctus
756 4382 837 4429 esset.
873 4379 941 4430 Nam
967 4379 1011 4429 hic
1030 4381 1201 4443 magistratus
1219 4393 1281 4431 enm

93 4468 255 4532 praetorum
275 4466 389 4530 imperio
407 4464 547 4516 subiectus
566 4465 662 4526 luerit,
688 4477 741 4514 noa
765 4465 873 4515 videtur
891 4467 1035 4515 convenire
1055 4467 1169 4531 principi
1187 4467 1282 4516 civita-

148 4565 373 4616 Dittanherger.
388 4565 483 4616 Sylloge.
1047 4556 1076 4600 44
