3082 5054
130 300 189 364 944]
575 301 616 353 lV.
642 302 724 353 Aetas
741 303 869 354 Romane.
1253 303 1315 366 363

207 495 316 575 Ἔδοξε
338 505 445 589 βουλῆι
466 503 518 568 καὶ
541 499 670 591 daimon,
704 504 817 572 εἰκάδι·
848 509 876 570 οἱ
899 499 1068 592 ὂῖρχονΙτες1
1091 505 1142 570 καὶ
1165 507 1194 571 οἱ
1215 509 1311 572 ἑπταῖ

200 763 434 816 LitteraeEl'lllt).
474 763 599 812 omicron
628 767 655 814 et
685 764 770 826 sigma
800 762 912 828 reliquis
941 764 1079 830 aliquanto
1110 765 1237 816 minores.
1273 764 1311 814 De

128 853 217 901 aetate
236 849 317 901 huius
334 849 405 898 tituli
424 847 571 898 admodum
589 848 712 900 diversae
731 849 851 913 prolatae
869 853 933 900 sunt
950 852 1114 912 sententiae;
1135 849 1183 900 sed
1202 849 1237 899 da
1254 849 1315 914 pie-

129 937 224 1001 risque
248 947 342 986 aarum
366 947 420 984 non
445 945 514 999 opus
537 938 579 984 est
602 935 692 984 dicere
710 938 771 1000 post
789 934 930 985 Scbmidtii
948 935 1158 1000 disputationem
1176 935 1314 986 doctrinae

129 1027 156 1072 at
168 1022 302 1072 acuminis
315 1019 440 1084 plenam;
462 1020 508 1084 qui
523 1033 607 1084 quum
625 1021 749 1084 inprimis
767 1023 918 1084 quaereret,
939 1023 1050 1085 quinam
1062 1024 1154 1072 essem
1165 1019 1232 1070 Galli
1245 1033 1314 1086 quo·

129 1120 194 1160 rum
206 1105 251 1156 hic
264 1106 365 1156 mentio
379 1103 465 1168 tieret,
486 1103 513 1155 id
531 1109 603 1156 certe
621 1105 719 1166 eilecit,
741 1105 774 1156 de
787 1105 848 1156 Bois
862 1105 1053 1156 Boiohaemum
1073 1106 1261 1168 incolentibus,
1281 1105 1315 1156 de

130 1190 258 1254 Cimbris,
279 1190 312 1240 de
332 1190 511 1254 Gallograecis
529 1191 607 1240 Asiae
627 1191 740 1240 minoris
757 1191 868 1253 cogitari
887 1190 961 1240 nulio
980 1191 1060 1240 modo
1078 1204 1166 1256 posse.
1191 1193 1249 1255 lpse
1268 1204 1315 1242 eos

93 1285 97 1292 ·
130 1277 248 1327 indicari
267 1276 376 1336 statuit,
404 1276 449 1338 qui
468 1278 528 1339 poet
545 1275 652 1326 cladem
670 1273 827 1340 Delphicam
852 1277 914 1326 anni
940 1279 989 1325 tis
1008 1291 1032 1327 a.
1054 1275 1116 1328 Chr.
1143 1275 1315 1327 Comontorio

130 1363 201 1414 duce
214 1363 241 1412 iu
254 1361 366 1411 'l'bracia
379 1359 566 1411 consedissent
578 1363 778 1426 imperiumque
791 1373 872 1411 suum
891 1361 970 1412 cuius
982 1366 1063 1426 ceput
1075 1365 1134 1411 erat
1145 1362 1217 1425 Tylis
1230 1373 1314 1426 prope

131 1447 264 1498 Haemum
277 1449 397 1496 moutam
416 1447 467 1496 sita
481 1448 567 1510 magia
580 1448 720 1512 magisque
738 1452 940 1512 propagassent,
960 1447 1047 1496 donec
1066 1447 1168 1497 Cauaro
1187 1449 1315 1510 regnante

130 1531 309 1584 aTlrracibus
321 1531 515 1584 rebellantibus
529 1531 610 1582 deleti
629 1535 719 1582 essent
740 1531 842 1597 (Polyb.
862 1533 906 1595 lv,
928 1535 969 1594 ta,
991 1533 1025 1594 4).
1052 1532 1138 1592 Quare
1152 1535 1315 1596 nequeunte

129 1633 154 1672 a.
177 1621 227 1668 278
245 1631 334 1682 neque
352 1622 413 1682 post
430 1621 478 1666 tta
497 1631 522 1668 a.
542 1617 604 1668 Cbr.
630 1618 770 1680 Protogeni
791 1631 806 1668 a
833 1617 938 1668 civibus
962 1617 1078 1668 bonores
1102 1618 1227 1668 decretos
1245 1629 1314 1668 esse.

130 1705 206 1764 Quae
224 1706 254 1754 ut
273 1707 335 1754 suut
351 1702 485 1767 disputata
504 1705 558 1752 tam
582 1704 713 1766 sagaciter
736 1717 818 1766 quarn
842 1702 1025 1768 probabiliter,
1046 1707 1135 1754 tamon
1154 1717 1187 1753 ex
1206 1702 1317 1766 reliquis

130 1791 273 1840 sententiis
291 1802 344 1839 una
368 1789 434 1838 mibi
459 1801 512 1838 uon
536 1787 650 1839 refutata
674 1787 783 1838 videtur
806 1802 822 1838 a
845 1788 1003 1838 Scbmidtio.
1041 1787 1146 1854 Nempe
1170 1789 1315 1853 quominus

132 1874 242 1926 Galatas
260 1873 416 1924 Scordiscos
434 1874 523 1938 potins
546 1885 604 1923 esse
628 1877 778 1924 statuamus
801 1877 828 1923 et
845 1873 954 1924 titulum
973 1875 1063 1924 medio
1081 1871 1191 1924 circiter
1208 1873 1316 1925 saeculo

131 1973 156 2010 a.
177 1959 242 2010 cnr.
261 1959 347 2008 altero
365 1959 490 2018 incisum,
511 1971 570 2008 mea
588 1957 697 2022 quidem
716 1959 849 2008 sententia
869 1959 935 2009 nibil
954 1957 1057 2010 obstat:
1095 1958 1172 2019 Quod
1196 1959 1313 2008 enims.

131 2047 206 2109 dicit,
228 2045 262 2094 de
275 2045 326 2096 bac
338 2048 416 2108 gente
428 2045 538 2109 proprio
550 2033 639 2110 potins
652 2045 760 2094 nomine
774 2057 871 2096 usuros
889 2044 972 2094 luisse
985 2043 1167 2109 Olbiopolitas,
1188 2045 1253 2094 satis
1272 2057 1315 2094 re-

131 2133 233 2182 iellitur
251 2129 328 2180 titulo
347 2131 406 2190 atr,
428 2133 459 2178 4ο
480 2128 526 2179 ubi
545 2128 626 2178 iidem
642 2123 754 2180 Γαλάται
770 2129 896 2190 audiunt,
917 2130 990 2192 quod
1009 2142 1075 2179 vero
1093 2129 1249 2180 Scordiscos
1274 2130 1317 2178 ui·
1353 2193 1356 2201 1

133 2219 185 2268 mis
203 2219 322 2267 remotas
340 2213 375 2263 ab
388 2213 462 2264 Olbia
481 2213 561 2264 sedes
579 2215 705 2264 babuisse
726 2215 800 2278 dicit,
821 2229 874 2265 non
893 2215 980 2265 maius
999 2213 1169 2264 intervallum
1188 2217 1229 2262 est
1247 2214 1317 2262 inter

130 2305 199 2354 tines
223 2301 428 2352 Scordiscorum
452 2302 480 2348 et
505 2299 637 2364 Hypanim
661 2313 742 2364 quam
765 2301 835 2350 inter
859 2301 932 2350 huuc
955 2303 982 2350 at
1006 2299 1084 2364 Tyiin
1103 2299 1240 2348 Thraciae.
1279 2299 1317 2348 Ac

130 2389 206 2454 quod
224 2388 258 2438 de
277 2397 360 2448 regno
378 2383 543 2436 Comontorii
567 2385 681 2448 sumpsit
698 2385 879 2446 Scbmidtius,
905 2385 933 2436 id
952 2388 978 2434 in
1004 2384 1062 2434 illas
1085 2385 1206 2446 regiones
1228 2395 1317 2447 usque

132 2477 309 2540 propagatum
337 2469 418 2520 tuisse
442 2473 470 2520 et
492 2473 596 2534 partem
622 2469 760 2521 Gallorum
785 2483 838 2520 uon
864 2471 941 2534 louge
965 2469 999 2519 ab
1018 2469 1093 2520 Olbia
1113 2469 1250 2520 domicilia
1268 2469 1318 2518 ba-

132 2561 237 2621 buisse,
257 2557 284 2607 id
298 2556 394 2606 eodem
408 2557 466 2605 iure
478 2555 604 2605 conicere
618 2554 680 2605 iicet
694 2555 778 2605 altaro
796 2569 821 2606 a.
836 2555 899 2605 Cbr.
920 2555 1028 2606 saeculo
1046 2556 1080 2605 de
1098 2555 1248 2605 Scordiscis
1266 2567 1318 2604 usu

132 2646 249 2696 uenisse.
286 2641 408 2705 Namque
427 2642 555 2692 Getarum
582 2642 653 2690 inter
670 2641 796 2692 Moesiam
822 2644 849 2690 at
868 2641 1005 2705 Scythiam
1024 2641 1225 2690 interiectomm
1254 2653 1318 2704 opes

133 2735 161 2782 et
178 2731 327 2796 potentiam
345 2727 429 2777 altero
446 2740 471 2776 a.
492 2725 555 2778 Chr.
576 2726 684 2776 saecuto
702 2723 831 2776 maiorem
845 2725 927 2776 luisse
943 2739 1025 2790 quam
1039 2727 1117 2776 lertio
1129 2737 1246 2790 quonam
1260 2727 1317 2776 iure

134 2817 208 2866 dicat
225 2813 401 2874 Scbmidtius,
421 2813 500 2877 plane
519 2825 572 2862 non
591 2811 684 2862 video:
712 2813 819 2862 Etenim
837 2811 933 2861 Strabo
960 2813 1013 2873 (Vll
1033 2825 1058 2876 p.
1075 2813 1134 2860 atta.
1151 2813 1173 2874 t)
1192 2811 1317 2862 distincte

134 2903 215 2962 dicit,
236 2896 419 2949 liuerebistsm
445 2898 565 2958 demum,
592 2911 673 2961 quem
699 2897 789 2948 medio
807 2897 916 2947 saeculo
941 2911 965 2946 a.
986 2897 1048 2946 Cirr.
1079 2896 1166 2959 primo
1190 2909 1317 2960 regnasse

134 2989 250 3047 constat,
269 2987 376 3049 gentem
395 2997 481 3048 paene
499 2983 534 3033 ad
552 2983 769 3048 desperationem
788 2983 926 3033 redactam
945 2994 997 3031 non
1017 2981 1097 3030 modo
1116 2993 1247 3040 servasse,
1269 2981 1315 3032 sad

135 3071 263 3123 omuibus
289 3069 408 3119 finitimis
434 3069 561 3132 gentibus
583 3068 696 3118 devictis
728 3081 856 3131 magnum
880 3069 1022 3131 imperium
1048 3067 1211 3118 condidisse.
1249 3067 1318 3127 Quid

137 3157 212 3222 quod
237 3155 396 3206 nominatim
421 3167 487 3219 opes
507 3153 644 3204 Gallorum
669 3154 715 3217 qui
741 3155 811 3202 inter
829 3151 935 3217 illyrios
953 3157 980 3202 et
998 3152 1115 3202 Thraces
1134 3152 1318 3203 babitarenta

134 3240 291 3293 Boerebistu
302 3241 412 3290 demum
426 3239 523 3290 tractas
536 3239 646 3290 narrat‘t
664 3241 701 3288 Ac
714 3251 803 3288 noune
818 3237 844 3287 id
858 3251 976 3302 quoque,
996 3239 1070 3301 quod
1083 3239 1141 3302 ipse
1153 3239 1318 3289 Scbmidtius

135 3329 271 3390 observat,
292 3337 425 3390 nusquam
445 3325 488 3374 vel
507 3337 605 3375 nomen
624 3326 752 3375 Getarum
770 3327 875 3374 exstare
894 3323 966 3387 apud
986 3323 1135 3387 Polybium,
1155 3325 1220 3374 satis
1239 3337 1320 3388 grave

137 3413 322 3464 testimonium
340 3415 395 3469 est,
416 3423 511 3461 eorum
530 3423 594 3475 opes
612 3409 697 3459 altero
715 3422 824 3473 quoque
842 3423 866 3458 a.
882 3409 944 3459 Cbr.
964 3409 1082 3469 saeculo,
1102 3413 1133 3459 ut
1151 3410 1237 3469 tertio,
1259 3410 1321 3459 nul-

136 3499 190 3550 lius
208 3498 338 3547 momenti
357 3495 458 3546 luisset
494 3497 549 3546 iam
574 3499 665 3545 utrum
690 3495 761 3545 tertii
784 3495 886 3544 saeculi
909 3495 944 3544 sit
967 3493 1062 3544 titulus
1080 3495 1106 3544 et
1124 3493 1157 3544 ad
1176 3493 1320 3545 Thracicos

137 3567 323 3634 iilos'Galatas
342 3583 456 3646 spectet,
483 3595 516 3631 an
540 3581 624 3630 altero
643 3581 751 3631 saeculo
771 3582 887 3645 scriptus
905 3579 939 3629 de
958 3579 1106 3630 Scordiscis
1125 3579 1320 3643 intellegendus

138 3671 181 3731 sit,
203 3681 257 3719 uon
275 3665 362 3718 audeo
380 3665 537 3717 diiudicare.
568 3665 609 3716 iili
627 3667 777 3716 sententiae
796 3679 885 3716 sermo
904 3665 983 3726 iavet,
1005 3665 1069 3714 buic
1088 3663 1248 3726 litteratura,
1269 3667 1318 3716 sed

138 3759 236 3806 neutro
255 3756 413 3817 argumento
432 3753 548 3802 multum
566 3751 714 3816 proficitur,
735 3751 799 3815 quia
818 3751 891 3801 illius
910 3751 1026 3814 regionis
1044 3749 1114 3800 tituli
1133 3763 1186 3800 uon
1200 3756 1255 3799 tam
1268 3749 1321 3800 ire-

139 3843 255 3906 quentes
267 3845 339 3900 sunt,
360 3843 390 3888 ut
407 3840 541 3888 sermonis
559 3839 743 3903 scripturaeva
762 3837 963 3888 vicissitudines
974 3839 1101 3886 accurate
1113 3835 1220 3886 deliniri
1232 3835 1318 3886 liceat.

140 3925 170 3976 tlt
188 3926 215 3974 iu
228 3937 257 3975 ra
271 3925 373 3974 incerta
392 3923 510 3984 titulum,
531 3928 642 3988 propter
660 3922 865 3973 similitudinem
883 3921 1033 3986 argumenti
1052 3933 1122 3985 quae
1140 3922 1165 3971 ei
1178 3919 1319 3971 intercedit

138 4022 203 4060 cum
221 4021 248 4060 n.
263 4012 331 4072 nti,
342 4011 388 4060 hie
400 4010 570 4073 potissimum
583 4007 772 4060 collocandum
791 4007 864 4058 duxi.
938 4011 947 4055 t
969 4005 1095 4070 Quinque
1108 4005 1216 4057 luerunt
1229 4005 1321 4058 Olbiae

140 4097 222 4146 annui
241 4095 400 4156 archontes,
421 4107 536 4160 quorum
554 4107 626 4144 unus
643 4095 793 4159 principem
813 4093 901 4142 locum
920 4091 1073 4154 obtinebat,
1094 4105 1176 4156 quere
1195 4091 1320 4156 frequens

140 4185 185 4234 est¹
198 4183 226 4231 in
247 4181 329 4232 titulis
347 4179 463 4230 iormuia
482 4177 505 4229 ol
522 4177 580 4248 trapi
596 4177 638 4230 τὸν
658 4177 728 4230 δεῖνα
746 4176 867 4248 ἄρχοντες
888 4181 922 4241 tv.
938 4181 979 4226 49.
1005 4177 1034 4228 G.
1054 4179 1073 4229 l.
1094 4177 1125 4231 G.
1146 4181 1221 4227 2⁰59.
1243 4181 1320 4230 nolti.

143 4269 218 4316 stau.
246 4269 324 4318 aaut.
350 4265 434 4328 208⁴).
473 4266 538 4315 ltem
557 4266 696 4329 quinarius
714 4269 773 4316 erat
790 4269 943 4330 praetorum
964 4263 1129 4332 (στρατηγῶν)
1150 4267 1176 4312 et
1194 4263 1323 4314 aedilium

141 4348 325 4421 (ἀγορανόμων)
346 4363 485 4402 uumerus.
514 4351 542 4400 B.
649 4355 664 4399 2
692 4352 720 4400 lu
745 4351 823 4400 titulo
842 4351 905 4400 item
924 4348 1121 4415 Olbiopolttano
1143 4349 1266 4411 (llermae
1284 4349 1320 4400 ill

139 4451 165 4502 p.
178 4440 227 4486 ill
247 4451 273 4490 n.
289 4437 330 4499 IV)
352 4437 448 4501 legitur
461 4433 656 4494 ἰπταδεύσαντες
669 4433 865 4504 ἐπεμελήθησαν
878 4439 923 4485 τοῦ
934 4431 1074 4502 θησαυροῦ,
1090 4435 1188 4486 deinde
1201 4447 1323 4501 sequun-
