3094 5074
243 339 306 401 612
742 339 804 390 Pars
822 339 916 392 altera.

325 539 495 631 Ἐρεχθηῒς
517 540 631 632 ἀνδρῶν
654 545 738 610 ἐνίκα

329 644 500 734 Μενετέλης
523 645 661 734 Μένητος
682 639 905 736 Ἀναγυράσιος
927 645 1058 736 ἐχορήγε

301 767 316 816 5
407 744 542 838 Ἀρατος
561 747 709 838 Ἀργῆιος
730 744 834 837 aditis?

472 850 649 943 Νικόμαχος
671 856 794 941 ἐποίησε

244 1045 302 1094 iura
321 1046 436 1095 miratur
453 1045 555 1097 Kaiiiua
578 1059 632 1098 non
656 1046 804 1110 choragum
829 1046 979 1098 sodalium
998 1045 1133 1110 quandem
1152 1047 1292 1098 homiuem
1310 1048 1363 1098 hoc
1380 1048 1429 1098 do-

242 1131 349 1180 narium
367 1130 516 1183 dedicasse.
554 1135 592 1183 Ac
614 1147 639 1182 v.
662 1137 687 1184 4.
707 1137 722 1182 i
745 1132 815 1184 alius
832 1133 993 1197 antiquioris
1011 1132 1082 1182 tituii
1100 1133 1239 1198 relliquias
1257 1147 1318 1184 esse
1337 1144 1353 1184 a
1371 1147 1430 1184 mo-

243 1219 372 1267 numento
398 1217 543 1283 choragico
560 1219 640 1284 piane
658 1217 818 1282 seiungendi
837 1217 921 1268 lieiiic
940 1217 968 1267 in
987 1222 1105 1268 mentem
1124 1223 1243 1281 venerat,
1263 1221 1313 1271 sed
1326 1221 1384 1286 ipse
1401 1221 1430 1271 id

242 1301 420 1367 improbabile
438 1303 584 1356 iudicabat.
613 1305 810 1356 Hirschieidius
828 1317 893 1354 vero
912 1305 1072 1370 scripturam
1091 1303 1207 1355 caudam
1226 1319 1286 1356 esee
1305 1309 1429 1356 testatur.
1537 1323 1538 1334 ι

241 1387 328 1448 Quare
345 1391 495 1454 putaverim
514 1390 667 1442 Clidemum
685 1385 836 1443 διδάσκαλον
860 1401 938 1452 essa,
964 1389 1099 1454 adquam
1118 1392 1249 1442 victoriae
1267 1392 1327 1443 leus
1346 1405 1430 1458 paene

242 1486 295 1524 non
314 1477 404 1526 minua
422 1476 562 1542 spectabat
582 1490 664 1541 quom
684 1477 717 1527 ad
736 1476 894 1541 choragum,
915 1477 951 1525 ita
971 1479 1000 1525 ut
1017 1475 1069 1526 teia
1088 1476 1231 1526 donarium
1249 1478 1376 1542 privatim
1394 1477 1430 1528 ab
1537 1477 1538 1532 fi

241 1572 274 1610 eo
292 1559 413 1612 dedicari
432 1563 551 1627 potuisse
569 1564 614 1612 vix
632 1575 722 1627 neges,
793 1565 806 1610 t
828 1563 912 1614 iiiiii.

241 1697 393 1707 uun—.-

327 1813 395 1882 422
418 1819 560 1883 Athenis.
607 1821 667 1883 Ed.
693 1820 827 1896 Kochlar
848 1821 1091 1902 hiittheiiuugeu
1114 1819 1172 1884 des
1194 1823 1350 1885 archaeol.
1375 1823 1431 1885 iu·

241 1921 348 1982 sutura
370 1920 528 1985 inathen
552 1925 592 1986 111
620 1923 722 2006 (rara)
750 1945 783 2005 p.
809 1925 882 1986 aaa.

546 2109 750 2196 [Tapohddrnc
774 2109 960 2184 Methurido¹

551 2210 738 2298 Μειξιυνίδης
760 2211 944 2299 Τιμοσθένος

549 2311 755 2403 Κλεόστρατος
777 2315 983 2402 Τιρυσθένος2

433 2420 646 2505 [χλορηγοῦντες
668 2415 843 2505 νικήσαντες
866 2415 1028 2505 θνέθεσολν]

295 2535 310 2583 5
429 2523 497 2607 [altha
519 2516 666 2587 Διονύσιοι
687 2514 829 2608 τᾶγαλμα
850 2521 903 2589 καλ
923 2520 981 2610 τὸρ
1000 2519 1129 2612 [βορόνλ.

307 2750 421 2800 Litterae
441 2748 573 2813 volgares.
604 2746 758 2812 scripturae
777 2749 846 2798 ratio
865 2749 1080 2814 titulumpriore
1098 2748 1220 2810 quartia
1238 2747 1300 2798 Chr.
1322 2749 1432 2799 saeculi
1537 2797 1538 2804 ,

239 2837 314 2899 parte
333 2835 449 2884 incisum
468 2834 564 2898 arguit.
667 2837 677 2882 4
700 2833 887 2885 Timosthenes
904 2834 1064 2898 Aegiiiensis
1084 2831 1127 2896 (ci.
1149 2837 1203 2882 not.
1225 2834 1250 2896 ν]
1272 2832 1431 2885 Aicisthaue

239 2919 369 2970 archonte
392 2921 439 2984 (01.
454 2905 520 2976 4444,
541 2924 565 2969 4.
587 2915 658 2986 titii
681 2933 705 2969 e.
727 2919 802 2984 Chr.)
822 2911 856 2970 a'x
874 2921 970 2970 itinere
995 2923 1165 2969 mercaturae
1190 2931 1273 2969 causa
1297 2917 1433 2986 suscepto
1537 2909 1538 2968 λ

238 3005 356 3057 Athenas
373 3005 455 3056 rediit
474 3005 558 3068 (Dem.
578 3004 673 3067 XLIX,
693 3009 722 3055 at
745 3007 828 3070 sqq.).
928 3009 941 3054 ³
962 2999 1138 3074 Κλεόστρατος
1156 2999 1331 3073 Τιμοσθένους
1349 2999 1431 3076 Αἰγι-

238 3088 309 3149 λιεὺς
326 3088 488 3162 γραμματεὺς
505 3087 571 3142 κατὰ
587 3088 737 3158 πρυτανείαν
756 3093 797 3141 cst
815 3106 842 3142 n.
863 3095 922 3154 aaa,
943 3094 975 3140 ii
1000 3091 1049 3154 (01.
1071 3094 1131 3152 tos,
1152 3093 1176 3140 2.
1198 3087 1273 3156 attia
1292 3105 1316 3142 a.
1338 3091 1429 3154 Cha).

238 3177 367 3242 choragia
389 3179 449 3228 aius
472 3176 610 3242 aliquantu
634 3178 717 3241 priori
742 3179 857 3242 tempori
882 3177 1026 3232 tribuenda
1050 3179 1091 3229 ast
1114 3179 1224 3242 propter
1249 3175 1331 3228 huius
1352 3177 1431 3228 tituii
1537 3235 1538 3260 ρ

239 3265 411 3329 scripturam.

324 3518 393 3587 423
422 3524 455 3584 in
486 3523 630 3604 epistylio
660 3523 855 3584 monumenti
885 3522 1042 3602 choregici
1065 3520 1106 3582 ad
1128 3519 1251 3582 radices
1274 3519 1433 3582 meridio-

240 3625 328 3688 nales
351 3627 431 3687 arcis
446 3623 639 3687 Athenarum
663 3627 734 3706 rupi
758 3625 848 3686 incisi
873 3621 1040 3708 (Παναγίας
1064 3619 1312 3707 Στηλιιοτίσσης).
1355 3625 1434 3685 Post

238 3729 404 3811 Cyriacum
432 3727 663 3791 Anconitanum
691 3729 781 3791 multi
804 3729 1044 3809 exscripserunt
1067 3735 1098 3788 et
1120 3725 1306 3806 ediderunt,
1342 3728 1434 3789 iuter

239 3851 319 3914 quos
341 3832 463 3894 Boeckh
488 3831 521 3894 C.
548 3833 571 3892 l.
598 3831 634 3894 G.
661 3831 734 3894 ait.

410 3998 582 4089 Θράσυλλος
612 3995 789 4088 Θρασύλλου
821 3993 984 4071 Δεκελεεθς
1013 3993 1160 4086 ἀνέθηκεν
1180 3997 1186 4086 Ι
1204 4007 1348 4086 χορηγῶν
1380 4025 1433 4066 νι-
1537 3979 1538 3984 ¹

428 4144 546 4151 —.

308 4235 318 4277 4
341 4229 507 4279 Monumenti
520 4227 604 4279 torma
623 4241 655 4278 ac
673 4227 750 4278 iocus
767 4225 882 4278 dubitari
902 4227 945 4278 vir
963 4226 1043 4287 sinit,
1063 4226 1129 4290 quin
1147 4225 1180 4276 ad
1195 4225 1298 4291 tripoda
1312 4224 1431 4290 publice

238 4315 392 4366 dedicatum
405 4315 573 4379 pertinuerit.
599 4315 633 4364 nt
650 4311 765 4364 icrmuia
788 4312 955 4364 dedicatoria
974 4311 1052 4377 piane
1071 4311 1166 4363 eadem
1184 4315 1234 4372 est,
1255 4325 1324 4376 quae
1343 4325 1433 4377 prae·
1537 4309 1538 4326 ¹

239 4403 313 4451 terea
331 4401 358 4450 in
376 4401 558 4452 monumentis
575 4399 687 4466 privetis
705 4411 765 4452 essa
790 4399 861 4450 sciet
880 4398 950 4462 (m,
971 4399 1013 4461 4),
1039 4411 1129 4462 neque
1149 4410 1265 4462 usquam
1284 4401 1432 4462 praeterea
1537 4397 1538 4404 ’

238 4487 265 4537 in
285 4490 460 4538 monumento
478 4486 588 4552 publico
606 4487 733 4550 chorago,
753 4486 799 4548 qui
818 4485 930 4549 quidem
947 4485 1031 4535 unius
1049 4483 1136 4534 tribus
1153 4484 1267 4536 chorum
1285 4486 1433 4535 ornaverit
1537 4511 1538 4572 ρ
