3110 5056
346 515 437 592 δίων,
467 510 512 598 ήὰ
535 509 612 579 αὐτὰ
634 511 716 600 ἔχειν
739 509 790 578 καί
817 511 891 602 παρ’
918 508 1026 599 όίίμῖν,
1057 513 1109 579 καί
1137 509 1351 602 ἀναγραφῆναι
1375 513 1451 582 τσό-

344 642 423 699 τους,
458 611 533 682 όπυο
565 615 617 681 καί
640 618 668 682 σί
697 613 836 704 ὑμέτεροι
866 612 1048 703 πρόξενίοίι11
1083 617 1144 702 [καί
1180 613 1335 705 εὐεργέται
1371 619 1450 685 εἰσὶν

346 717 636 807 ἀναγεήγραμμίνοι,
663 722 693 786 ἐν
716 721 867 786 ἐνιαυτῶι.
915 717 962 785 Τά
985 719 1018 786 δὲ
1040 719 1217 807 ἐγκλήματα
1237 719 1290 788 καί
1310 720 1348 788 τά
1371 748 1452 809 συμ-

303 818 455 910 κοβόλαια
476 819 520 909 [τά
543 818 716 910 ὑπάρχοντα
739 819 951 912 ἀμφοτέίήροις,
978 820 1085 899 αότοός
1113 820 1187 912 πρός
1210 819 1318 900 αὖτοὺς
1341 829 1452 892 διαλυ-

345 931 439 1012 θῆναι
459 921 479 1013 ἢ
504 927 698 1013 διακριθῆναι
718 922 802 1011 [κατὰ
823 924 892 1002 τούς
913 929 1056 1016 πατρίους
1075 927 1080 1016 Ι
1100 923 1218 1014 νίόμους
1238 929 1291 995 καί
1312 925 1345 996 τὸ
1367 927 1447 1017 παρ’

344 1027 428 1116 ἡμῶν
451 1026 627 1117 διάγραμμα
649 1031 681 1095 ἐν
704 1025 785 1095 δυσίν
808 1029 888 1096 ἔτεσι
909 1027 964 1118 ἀφ’
992 1023 1028 1098 οὗ
1051 1026 1094 1117 άίν
1116 1029 1150 1100 τό
1172 1027 1349 1120 διάγραμμα
1370 1058 1451 1121 προ-

347 1135 490 1221 ίτμθῆιίί.
521 1124 581 1198 όσα
603 1133 637 1198 δέ
664 1133 743 1198 ἐστιν
765 1129 839 1221 πρὸς
866 1131 935 1208 τοίις
964 1134 1126 1223 Λεβεδίους
1154 1130 1174 1222 ἢ
1202 1137 1263 1210 τοῖς
1292 1137 1451 1224 Λεβεδίοις

344 1233 425 1324 πίρός
455 1233 548 1324 ὑμᾶς,
581 1237 663 1302 ποεῖν
691 1232 894 1325 άμφστέίρμυς
924 1234 1095 1326 συνθήκην,
1128 1235 1307 1327 γράψασθαι
1336 1238 1369 1304 δὲ
1392 1235 1451 1326 τήν

347 1337 509 1427 συνθήκην,
535 1339 587 1405 καί
610 1331 646 1405 όν
668 1365 697 1404 τι
719 1337 917 1428 άντιλίέγηται
942 1337 1016 1430 πρός
1037 1339 1091 1428 τήν
1110 1343 1117 1423 Ι
1136 1339 1306 1430 συμθήκην,
1331 1344 1451 1430 ἐπικρι-

345 1448 438 1530 θῆναι
459 1445 490 1509 ἐν
506 1446 556 1530 τήι
570 1438 718 1529 ἐκκλήτων
740 1441 909 1530 ἑξαμήνωι·
933 1445 1078 1531 ἔκκλητον
1099 1444 1142 1531 [δὲ
1163 1441 1249 1510 πόλιν
1273 1447 1453 1534 αίρεῐσθαιίή

303 1565 336 1615 30
346 1544 511 1636 ἀμφότεροι
533 1541 786 1632 συνωμολόγησαν
809 1543 996 1635 Μιτυλήνην.
1038 1543 1075 1613 τὰ
1106 1547 1158 1634 μὲν
1189 1539 1241 1614 οὖν
1265 1542 1344 1614 ἄλλοι
1366 1545 1449 1637 ότίὲρ

345 1657 404 1717 τῶν
434 1646 629 1738 ἐγκλημάτων
652 1645 738 1730 οόίτω
764 1647 935 1740 γίροίφειν13
961 1647 1030 1725 τοός
1058 1649 1338 1740 συνθηκογράφσυς,
1362 1649 1450 1736 (ιίής14

347 1749 382 1821 άν
411 1779 483 1820 ποτε
510 1749 711 1842 γινοόσκωσιν·
744 1753 809 1821 ἐπεὶ
837 1755 878 1841 [δὲ
906 1759 1037 1822 τοσαῦτα
1065 1751 1098 1821 τό
1127 1756 1245 1844 πλῆθος
1275 1752 1450 1842 ἀνήίσόομεν

347 1855 483 1926 εἶναιτὰ
505 1854 739 1944 συναλλάγματα
761 1857 811 1925 καί
832 1855 870 1924 τά
885 1855 1072 1946 ἐγκλήματα,
1097 1851 1184 1944 ὥστε,
1210 1853 1247 1924 ἂν
1269 1863 1326 1926 τῶι
1344 1856 1453 1947 [νόμωι

351 1965 506 2050 διακριθήι
529 1959 579 2028 διὰ
600 1958 729 2049 πανίίτός
751 1969 803 2028 τοῶ
825 1960 953 2050 χρόνου,
1009 1964 1106 2050 ηθένο
1136 1957 1172 2029 ’όιν
1201 1958 1351 2029 δόνασθαι
1373 1959 1452 2029 ὑπο-

348 2067 465 2152 μεῖναι,
497 2066 550 2132 καὶ
577 2091 635 2153 γαρ
665 2067 722 2140 ἕως
748 2067 795 2150 τοί
803 2114 1002 2133 ..........
1010 2067 1223 2154 εἰίίληφίναιίῡ
1250 2069 1345 2134 ταῦτα
1371 2061 1451 2154 άπερ

347 2165 418 2235 οὐδὲ
442 2170 474 2235 σί
497 2171 660 2256 συνίθῆκίαι
682 2171 911 2236 συντετελέσθαι
932 2167 983 2236 διὰ
1004 2167 1037 2236 τό
1059 2172 1099 2254 ἐίκ
1120 2173 1179 2236 τῶν
1202 2165 1303 2236 ἐπάνω
1324 2167 1454 2259 χρόνων]

305 2273 355 2359 35ίί
369 2272 447 2339 εἶναι
470 2269 537 2359 ὑμῖν
564 2269 602 2338 τά
631 2269 876 2360 συναλλάγματα,
911 2274 961 2339 καί
991 2267 1027 2340 ἂν
1058 2274 1274 2361 προςτιθῶνται
1305 2276 1334 2340 σί
1365 2269 1454 2341 τόκοι

346 2373 425 2464 πα[ρ’
453 2378 576 2442 ἕκαστον
598 2376 674 2460 ἔτος,
701 2375 809 2464 μηθενὶ
828 2377 833 2465 Ι
854 2373 984 2462 δ]υνοτόν
1013 2376 1093 2444 εἶναι
1121 2373 1287 2443 ἀποτεῖσαι.
1318 2373 1452 2463 οἰόμεθα

349 2481 382 2546 δὲ
405 2481 477 2564 δεῖν,
503 2474 546 2567 όιμ
569 2479 621 2567 μὲν
644 2476 760 2556 ἑκόντες
791 2477 992 2566 όπσίτείσωσιν
1022 2483 1050 2547 οἱ
1080 2477 1288 2569 όφείλοίίντες,
1319 2475 1450 2568 γράφειν

348 2581 416 2659 τσός
439 2583 705 2673 συνθηκογράφυυς
729 2583 769 2672 μή
785 2585 887 2652 πλεῖον
910 2585 1068 2651 διπλασίου
1091 2580 1309 2671 όιπολήόσασθαι
1330 2585 1373 2658 είς
1395 2583 1451 2650 τό-

348 2690 418 2772 κσνί·
440 2687 445 2776 Ι
465 2681 501 2753 ἂν
524 2688 558 2754 δὲ
580 2690 625 2764 εἰς
647 2690 732 2775 δίκην
755 2683 894 2763 ἐλθόντες
916 2683 1073 2777 όφείλωσι,
1100 2683 1286 2776 τριπλάσιον.
1314 2679 1385 2753 όταν
1415 2688 1451 2753 δὲ

346 2789 366 2878 ἡ
398 2790 541 2879 συνθήκίη
572 2794 767 2879 ἐπικυρωθῆι,
797 2787 997 2880 γρόίίψασθαι
1023 2789 1076 2866 τὰς
1105 2792 1189 2866 δίκας
1211 2787 1262 2856 καί
1284 2787 1451 2878 ἐγδιιιόσα-

306 2912 338 2962 tu
348 2897 421 2960 σθαι
443 2897 474 2961 ἐν
497 2899 652 2962 ἐνιαυτῶι.
678 2895 708 2962 οἳ
730 2893 760 2961 δ’
787 2890 822 2962 όιν
846 2891 887 2982 μή
910 2891 1092 2983 γράψωνίται
1117 2891 1137 2982 ἢ
1161 2891 1395 2982 ἐγδικάσωήίταίι
1417 2897 1450 2960 ἐν

347 3004 403 3067 τῶι
424 3001 633 3086 γεγραμμένωι
654 2995 768 3088 χρόνωι
790 3003 881 3066 δικῶν
903 2995 1017 3082 οόσῶν,
1044 2999 1151 3085 μηκέτι
1172 2998 1251 3065 εἶναι
1272 2993 1453 3086 γράψασθαι

349 3098 422 3189 μηδ’
447 3099 685 3188 [ἑγδικάσασθαι.
711 3100 763 3170 ἐὰν
787 3105 820 3169 δέ
842 3101 904 3188 τι]1ς
923 3105 979 3170 τῶν
1003 3097 1152 3192 ὑμετέρων
1174 3096 1195 3190 ή
1218 3107 1274 3168 τῶν
1298 3103 1451 3189 Λεβεδίων

350 3203 391 3293 μή
424 3206 569 3292 ἐπιδημῆι
599 3209 630 3274 ἐν
663 3208 729 3282 ταῖς
760 3207 978 3295 προθεσμίαις,
1013 3207 1128 3293 ἐξίέστω
1160 3211 1216 3271 τῶι
1249 3205 1453 3292 δικαίομένωι

348 3309 635 3396 πρίίοςκαλέσσσθαι
657 3307 715 3377 όιπό
738 3317 790 3377 τοῶ
813 3307 937 3399 ἀρχείου
959 3311 1011 3376 καί
1026 3307 1084 3376 όιπό
1099 3315 1151 3397 τῆς
1167 3309 1273 3391 οίκίας,
1300 3311 1453 3396 δηλοῦντα

349 3417 404 3478 τῶι
423 3405 556 3500 [ἄρχοντι
567 3416 592 3458 ¹⁰
614 3408 660 3480 δτι
674 3411 798 3502 ὀφείλει]
816 3413 822 3501 Ι
840 3409 861 3501 ἢ
876 3415 1010 3480 ἐναντίον
1031 3408 1230 3501 (μίοίρίτίόρίων
1241 3416 1267 3458 ¹⁷
1282 3409 1351 3499 δόίο]
1365 3408 1452 3486 ἀξιό-

264 3705 317 3742 non
335 3693 433 3743 usitata
451 3695 522 3743 sunt.
596 3696 624 3742 tt
647 3693 823 3745 ΡΡΘΞΕΝΘΙ.
902 3696 933 3742 tt
951 3691 1174 3759 Supptementum
1193 3691 1385 3755 Wnddingtont
1405 3705 1452 3744 τε·

265 3779 331 3828 ttnut
350 3781 454 3830 mutato
472 3774 590 3849 διατεθῇ,
611 3779 685 3844 quod
704 3791 757 3829 non
776 3778 914 3844 intellego,
941 3780 969 3830 Ιο
987 3775 1109 3851 προτεθῇ,
1138 3777 1262 3843 ’μοίιΙΙσε
1280 3779 1451 3845 propositum

264 3863 365 3916 tuerit’.
464 3868 496 3913 tu
515 3865 651 3930 supplevi.
683 3862 824 3933 θιήσμὲνειν
843 3863 884 3918 δεῖ
901 3863 978 3936 μέχρι
994 3867 1041 3916 τοῦ
1058 3862 1168 3934 γράφειν
1187 3863 1231 3914 W.
1268 3865 1385 3915 Iusserat
1403 3877 1453 3916 rex

265 3955 373 4016 pactum
392 3948 541 4019 (συνθήκην)
561 3951 619 4002 fieri
637 3952 709 4002 inter
726 3953 805 4003 Τείσο
823 3951 1009 4017 Lebediosque
1027 3952 1062 4003 do
1081 3950 1173 4002 ttttbus
1184 3949 1367 4002 diludtcundis
1379 3963 1452 4016 quae

264 4037 355 4088 adhuc
373 4037 523 4103 ponderent
540 4039 611 4088 inter
629 4039 770 4104 utriusque
789 4037 865 4090 urbis
883 4039 967 4091 cives.
1005 4040 1088 4103 Atque
1113 4037 1140 4086 tn
1159 4037 1318 4088 universum
1337 4035 1451 4101 quidem

264 4125 304 4175 σίν
322 4122 423 4188 quibus
440 4123 493 4176 ίιοο
511 4126 648 4189 negotium
668 4125 810 4175 mandatur
828 4119 1064 4195 (συνθηκσγράφσις)
1091 4123 1208 4175 liberum
1227 4121 1367 4174 arbitrium
1385 4133 1452 4187 μετ·
1544 4185 1545 4188 ¹

265 4211 355 4271 mittit,
375 4211 424 4261 sed
442 4211 554 4277 propter
572 4223 700 4276 magnum
719 4209 805 4261 litium
825 4222 970 4262 numerum
988 4215 1015 4261 σι
1027 4211 1149 4273 ingentes
1161 4221 1308 4262 usurarum
1325 4208 1453 4260 residun-
1544 4195 1545 4221 ί

191 4315 196 4324 ·
265 4309 326 4348 rum
353 4309 474 4348 summas
499 4298 564 4362 quid
589 4297 624 4349 ud
648 4295 823 4348 difficultates
846 4297 1018 4361 gravissimas
1042 4295 1223 4362 expedtendas
1247 4309 1316 4362 opus
1339 4297 1374 4347 sit
1391 4295 1450 4362 ἰρεε

265 4383 405 4450 praecipit.
487 4385 517 4434 tt
536 4381 583 4441 οἷς.
609 4381 768 4435 Emendavi.
857 4387 889 4434 tu
909 4383 981 4434 Ηοοσ
998 4395 1053 4434 που
1073 4383 1157 4447 magis
1174 4383 1285 4448 expedio
1303 4395 1386 4446 quam
1405 4381 1448 4432 W.

265 4471 406 4522 structura
419 4469 525 4524 turbata
537 4473 587 4532 ost,
607 4469 720 4522 tortasse
739 4469 870 4536 lapicidae
887 4483 988 4523 εττοτο.
1062 4472 1094 4519 tt
1108 4468 1245 4535 supplevi.
1270 4467 1388 4538 δικαστήν
1406 4469 1450 4522 W.
1543 4465 1544 4528 j
