3082 5054
244 335 306 397 324
757 334 819 384 Pers
838 334 919 398 prior.
1333 333 1424 398 [ilie-

328 561 424 622 γαρον
455 537 533 620 inoffi
560 560 599 601 κα
628 532 648 600 ά
671 537 762 602 θυσία
784 533 919 623 καθήνηι
941 541 992 602 τᾶι
1009 533 1134 602 Ἀθανᾶν
1154 539 1205 600 τᾶι
1227 532 1417 622 Νικαφάρωι·

328 645 381 712 τδις
404 639 437 706 δὲ
461 643 609 713 ἐκπονπᾰς
631 640 871 725 ἐπιΗμιίλεῖσθαι
891 636 940 705 τὸν
964 635 1128 724 στραταγὸν
1152 633 1200 702 ἀεί
1221 634 1270 704 τάν
1285 638 1420 726 ἔναρχον.

328 744 388 816 τοῖς
412 742 444 808 δὲ
469 743 593 829 θεωροῖς
615 745 677 816 τοῖς
707 739 952 828 ἐπαγγελλόντοις
975 739 1042 815 τοὺς
1070 736 1197 826 ἀγίῶνας
1216 739 1221 828 Ι
1240 745 1298 805 τῶν
1323 739 1422 824 Nixo-

327 845 440 932 φορίων
469 852 655 912 καταστᾶσαι
683 843 736 919 τάς
758 843 860 918 πόλεις
886 841 1015 917 ἑκάστας
1037 839 1245 930 θεωροδάνοος
1266 845 1322 908 τῶν
1346 843 1422 908 ἰδίων

285 959 317 1008 25
326 953 461 1025 πολιτᾶν,
487 948 538 1014 καί
561 943 754 1034 άνενείί[γιιεῖ]ν
784 944 853 1021 τοὺς
881 941 1029 1035 ἄρχοντας
1056 943 1124 1020 τοὺς
1154 942 1214 1012 ἀπὸ
1240 950 1293 1012 τάν
1316 947 1421 1011 πολίων

326 1056 381 1116 τιῑιι
403 1052 583 1137 οτρατα[γῶ]ι
609 1045 646 1137 [ἢ]
673 1053 818 1137 προξένων
847 1052 878 1116 ἐν
900 1046 938 1116 τά
960 1045 1079 1116 iiiito·
1107 1045 1227 1135 διδόμεν
1251 1047 1316 1134 ost]
1343 1051 1424 1133 ....]

327 1177 378 1240 ρον
401 1151 451 1219 καί
474 1155 555 1226 ξένια
576 1148 634 1220 ‘ooo
657 1154 791 1227 καὶτοῖς
814 1149 1010 1239 τάὈλάμπια
1032 1147 1276 1238 δπαγγελλάντοις
1300 1155 1423 1239 θεωροῖς

326 1258 473 1324 δίδονται.
500 1248 582 1330 ’ὅπως
597 1257 631 1322 δὲ
647 1253 697 1322 ναὶ
709 1259 749 1340 [ἐν
770 1256 775 1344 1
794 1253 863 1330 τούς
884 1252 999 1341 νγάμους
1021 1257 1239 1342 καταχωρισθῇ
1262 1250 1283 1322 ά
1303 1281 1336 1322 τα
1351 1252 1424 1321 ἀπο-

325 1355 404 1447 δοχά
426 1365 485 1425 τῶν
508 1356 632 1445 ἀγοίνων
655 1359 707 1424 καί
728 1364 781 1424 τοῦ
806 1361 887 1446 ίοροῦ
915 1355 935 1424 ά
966 1355 1076 1426 ἀσολία
1098 1355 1149 1424 καί
1171 1355 1191 1422 ά
1213 1362 1270 1424 τῶν
1294 1359 1423 1446 θίεάνρο-

325 1461 437 1546 δίάίνιων
460 1459 647 1545 κατάατίασις
668 1461 721 1528 καί
743 1460 779 1527 τὰ
803 1455 882 1529 άλλα
904 1459 941 1528 τά
964 1463 995 1528 δν
1017 1465 1070 1528 τῶι
1098 1461 1269 1548 ψαφίσματι
1296 1485 1423 1526 κατακε-

326 1567 515 1652 χωρισμένα,
555 1565 727 1648 ἐπιμέλειαν
764 1562 963 1651 ποιήσασθαιΙ
979 1561 1028 1630 τὸν
1056 1561 1249 1651 στραταΙ[γὸν]
1278 1561 1332 1628 καί
1360 1558 1424 1636 τοδς

293 1689 297 1700 ·
325 1659 433 1742 ἀλλους
467 1661 631 1756 ἄρχοντας.
670 1669 826 1734 ἐπαινέσαι
858 1667 892 1734 δὲ
926 1667 978 1734 καί
1010 1663 1078 1741 τοδς
1109 1662 1266 1754 θάωρράςξ
1306 1665 1424 1753 Πέρσαν

284 1785 316 1835 30
326 1771 497 1854 Δίιοίνοοίοο
513 1753 708 1859 Συρακόσιον,
727 1770 737 1858 ii
750 1765 913 1854 [Θιόλοτον]
930 1768 1117 1858 Ἀρίσίτωίνος
1132 1765 1315 1856 Αίγινάταν,
1342 1765 1424 1854 Κτή-

324 1899 428 1938 σιππον
458 1875 631 1962 Δαματρίου
661 1873 878 1960 Περγαμηνόν,
915 1873 966 1940 καί
996 1873 1078 1960 οἶμον
1109 1869 1215 1946 αίιτοδς
1241 1871 1421 1958 προξένοοςί

309 1971 382 2059 'ixei
404 1974 569 2065 eoepie'sse
590 1982 649 2044 τῶν
672 1975 832 2042 Αἰτωλῶν·
866 1977 970 2063 ίγγοος
997 1982 1049 2042 τάν
1078 1977 1239 2064 προξενιΐι[ν
1271 1971 1288 2040 δ
1314 1975 1424 2062 Mon-

325 2075 452 2162 ματίιιίς.
478 2075 652 2167 ἀναγράψαι
680 2079 788 2146 δὲκαὶ
817 2079 850 2146 τὸ
873 2075 1033 2167 ψάρισίίμα
1060 2075 1129 2146 τάδε
1157 2081 1188 2144 ἐν
1217 2073 1350 2161 στίάλαις
1380 2083 1424 2142 λι-

321 2181 419 2256 θίναις
442 2179 507 2262 δίο,
532 2182 584 2248 καί
607 2179 758 2268 ἀναθέμεν
780 2178 834 2250 τάν
858 2184 928 2268 μίαν
951 2183 982 2248 δν
999 2182 1141 2269 Θέρμοίνί,
1166 2177 1219 2246 τὰν
1242 2179 1276 2246 δὲ
1298 2182 1333 2246 ἐν
1350 2181 1423 2246 Δελ-

322 2283 413 2372 φούς·
441 2284 474 2352 τὸ
498 2285 531 2352 δὲ
553 2281 730 2372 γονάμενίίον
754 2282 909 2372 ἀνάλωμα]
937 2282 986 2350 τὸν
1008 2284 1117 2370 ταμίαν
1139 2287 1191 2357 τοῖς
1214 2287 1292 2350 ιιωλ.
1308 2335 1316 2350 .
1330 2287 1417 2350 .ιι.λ.

272 2439 276 2448 .
321 2391 740 2475 ι.ρι.ε....σ....λ...ιλι
779 2385 829 2454 τδν
866 2392 1027 2476 γραμματῆ
1061 2385 1185 2492 tovi:
1188 2423 1424 2438 ----------
1514 2419 1515 2422 ¹

320 2515 427 2558 --ιαν.

235 2649 542 2662 *μαι--η-ι

235 2747 277 2810 ll,
304 2761 357 2814 qne
380 2749 407 2799 in
430 2763 460 2799 το
483 2751 696 2815 praepositiones
720 2747 769 2818 πρό
788 2753 815 2800 el
833 2746 896 2818 πρός
916 2747 991 2812 (ποσί)
1013 2747 1143 2800 conludii.
1181 2749 1275 2814 Neque
1295 2749 1372 2814 quod
1391 2747 1421 2798 ii.

233 2834 309 2898 dicit,
330 2847 392 2886 eum
412 2835 459 2900 qui
477 2839 616 2886 eooueeret
635 2835 733 2887 eodem
751 2836 809 2886 lune
828 2835 855 2886 id
874 2833 971 2896 iuuere,
991 2836 1073 2900 etque
1091 2837 1235 2900 potionum
1259 2833 1419 2904 (προστάτην)

233 2921 279 2984 qui
303 2932 414 2972 oensem
439 2920 562 2984 inquilini
586 2921 727 2987 suscipiet,
754 2923 826 2972 reete
850 2933 880 2972 ee
905 2920 995 2972 hebet.
1035 2921 1102 2972 Nem
1122 2923 1184 2985 quie
1204 2923 1349 2986 peregrino
1369 2933 1420 2972 non

232 3003 296 3056 licet
313 3006 399 3056 civem
417 3007 444 3055 in
463 3007 506 3056 lus
524 3019 638 3068 vocene,
664 3010 793 3072 petronus
816 3006 844 3058 id
868 3005 957 3056 iecere
980 3005 1070 3057 debet.
1108 3008 1141 3056 li
1160 3006 1204 3056 hio
1222 3005 1335 3058 delinito
1354 3019 1419 3057 oon·
1512 3073 1513 3080 γ

232 3091 367 3154 alluitur,
393 3094 426 3140 et
444 3091 565 3160 ipsiqui
583 3091 672 3142 ieesue
690 3095 775 3152 esset,
800 3095 833 3141 et
850 3091 962 3142 cuilibet
980 3091 1024 3141 elii
1050 3091 1130 3141 licere
1148 3103 1288 3142 accusare.
1327 3093 1366 3141 Ao
1385 3103 1416 3140 ne

231 3179 272 3226 est
290 3175 399 3241 quidem
417 3188 467 3226 cur
485 3176 552 3226 iliud
572 3175 597 3228 ἐν
615 3181 672 3234 ταῖς
690 3173 720 3228 iz
738 3174 898 3232 ποτιστοίοιος
916 3172 997 3232 δίκαις
1015 3175 1048 3226 ed
1067 3172 1208 3226 ἀλλωιτάι
1220 3172 1323 3228 θέλοντι
1335 3177 1415 3226 modo

232 3259 389 3322 roien-emus,
411 3262 464 3312 imo
483 3263 592 3312 omnino
609 3261 642 3312 ed
655 3259 775 3314 ὑπόδικον
788 3259 858 3322 τῖμον
871 3264 993 3326 spontane
1007 3261 1124 3312 videtur.
1155 3259 1257 3330 Quoflsl
1276 3263 1417 3312 oonleelu·

231 3361 299 3410 rem,
319 3347 448 3398 lnoerlem
467 3359 546 3408 sone,
572 3360 605 3398 ex
628 3345 754 3398 vooehuli
777 3349 880 3412 origine
904 3351 985 3410 elque
1010 3347 1036 3398 vi
1057 3359 1154 3411 cupere
1173 3345 1244 3406 lieet,
1265 3345 1299 3396 de
1318 3359 1352 3396 eo
1369 3359 1416 3410 ge-

230 3445 295 3486 nere
313 3432 401 3484 iillum
420 3433 459 3483 sio
477 3433 651 3484 statuendum
669 3439 748 3498 pulo:
771 3433 803 3485 iit
821 3427 1014 3502 προςίσταοθαι,
1035 3435 1189 3500 προςσιῆναι
1207 3445 1290 3498 prope
1310 3431 1417 3483 eooedit

230 3519 264 3570 od
289 3519 363 3570 vonis
386 3516 513 3588 προςιίναι
536 3519 688 3580 notionem,
715 3521 751 3570 ile
775 3515 919 3572 ποτίστασιν
943 3517 1015 3583 opud
1034 3517 1142 3568 Aetolos
1167 3517 1240 3568 idem
1259 3516 1315 3568 lene
1334 3517 1418 3582 nigni-

230 3603 325 3656 lloeese
337 3607 418 3668 etque
430 3603 494 3654 olibi
507 3601 629 3670 πρόςοδον
644 3601 784 3668 teotoloni.
806 3607 863 3656 lem
877 3609 975 3670 notum.
989 3606 1039 3661 est,
1059 3603 1081 3653 ol
1100 3604 1160 3668 quie
1178 3604 1338 3668 peregi-ioue
1356 3615 1417 3654 oum

229 3693 326 3741 senatu
342 3693 389 3740 nul
405 3689 520 3739 comitiis
539 3691 656 3740 civitatis
674 3689 789 3742 alieuius
812 3703 891 3754 egere
909 3689 1007 3748 vellet,
1034 3688 1143 3739 deoreto
1167 3701 1236 3754 opus
1261 3687 1416 3752 fuisseque

227 3777 419 3828 admitteretur
444 3772 579 3844 (πρόσοδον
597 3771 660 3828 εἶναι
679 3778 725 3836 tt,
747 3777 782 3839 l).
820 3773 948 3836 intellego
967 3775 1048 3838 igitur
1066 3774 1140 3833 lites,
1168 3775 1193 3824 in
1219 3773 1319 3839 quibus
1339 3786 1417 3837 pene·

227 3863 295 3926 grinl
314 3861 348 3912 ed
366 3861 546 3926 synedrorum
565 3861 711 3912 concillum
730 3861 842 3912 ndmlesi
863 3858 971 3910 Aetolos
987 3863 1127 3911 eoousenl.

231 4033 382 4042 un·—

313 4147 381 4216 216
404 4153 492 4212 Basis
515 4169 698 4232 marmoree,
725 4151 856 4234 Delphis
887 4151 926 4214 ad
958 4149 1131 4234 peribolum
1162 4151 1284 4232 tempii.
1330 4147 1411 4210 Edd.

229 4251 377 4334 nangeio
399 4255 473 4316 Ani.
501 4255 580 4316 Heli.
610 4253 690 4316 llil
729 4257 778 4336 (ex
801 4255 980 4336 apographo
1003 4251 1227 4352 (iberniampie)
1263 4261 1294 4314 el
1323 4270 1414 4336 encu-

230 4357 329 4418 retlus
351 4358 379 4416 J.
406 4356 548 4420 Schmidt
569 4357 811 4439 iiillheilungen
841 4357 898 4420 dos
927 4358 1010 4420 arch.
1037 4357 1181 4419 Instituts
1210 4357 1243 4418 in
1265 4353 1366 4424 illinon
1390 4353 1412 4412 V

234 4457 339 4540 (ιντο)
366 4477 398 4540 p.
427 4461 497 4522 ινν.
