<?xml version="1.0" encoding="UTF-8"?>
<!DOCTYPE html PUBLIC "-//W3C//DTD XHTML 1.0 Transitional//EN"
    "http://www.w3.org/TR/xhtml1/DTD/xhtml1-transitional.dtd">
<html xmlns="http://www.w3.org/1999/xhtml" xml:lang="en" lang="en">
 <head>
  <title>
</title>
<meta http-equiv="Content-Type" content="text/html;charset=utf-8" />
  <meta name='ocr-system' content='tesseract 3.04.00' />
  <meta name='ocr-capabilities' content='ocr_page ocr_carea ocr_par ocr_line ocrx_word'/>
</head>
<body>
  <div class='ocr_page' id='page_1' title='image "./syllogeinscript01dittgoog_0474.png"; bbox 0 0 3084 5052; ppageno 0'>
   <div class='ocr_carea' id='block_1_1' title="bbox 275 341 1441 407">
    <p class='ocr_par' dir='ltr' id='par_1_1' title="bbox 275 341 1441 407">
     <span class='ocr_line' id='line_1_1' title="bbox 275 341 1441 407; baseline -0.015 0"><span class='ocrx_word' id='word_1_1' title='bbox 275 347 337 407; x_wconf 76' lang='lat'>452</span> <span class='ocrx_word' id='word_1_2' title='bbox 775 343 840 393; x_wconf 80' lang='lat' dir='ltr'><strong>Pers</strong></span> <span class='ocrx_word' id='word_1_3' title='bbox 858 342 953 392; x_wconf 81' lang='lat' dir='ltr'><strong>attero.</strong></span> <span class='ocrx_word' id='word_1_4' title='bbox 1000 341 1001 346; x_wconf 76' lang='grc'>’</span> <span class='ocrx_word' id='word_1_5' title='bbox 1392 343 1441 406; x_wconf 74' lang='grc' dir='ltr'>[ιιι</span> 
     </span>
    </p>
   </div>
   <div class='ocr_carea' id='block_1_2' title="bbox 312 537 1513 2990">
    <p class='ocr_par' dir='ltr' id='par_1_2' title="bbox 317 537 1513 1174">
     <span class='ocr_line' id='line_1_2' title="bbox 317 537 1441 632; baseline -0.003 -20"><span class='ocrx_word' id='word_1_6' title='bbox 317 537 424 632; x_wconf 73' lang='grc' dir='ltr'>υοήίήι</span> <span class='ocrx_word' id='word_1_7' title='bbox 446 545 723 630; x_wconf 76' lang='grc' dir='ltr'>ἐπήτετοκισμένον,</span> <span class='ocrx_word' id='word_1_8' title='bbox 749 542 810 629; x_wconf 80' lang='grc' dir='ltr'>ἐὰμ</span> <span class='ocrx_word' id='word_1_9' title='bbox 833 540 872 630; x_wconf 85' lang='grc' dir='ltr'>μή</span> <span class='ocrx_word' id='word_1_10' title='bbox 897 539 1071 630; x_wconf 82' lang='grc' dir='ltr'>έπεσχηκόις</span> <span class='ocrx_word' id='word_1_11' title='bbox 1100 537 1133 629; x_wconf 85' lang='grc' dir='ltr'>ἧι</span> <span class='ocrx_word' id='word_1_12' title='bbox 1160 540 1214 628; x_wconf 85' lang='grc' dir='ltr'>τήν</span> <span class='ocrx_word' id='word_1_13' title='bbox 1237 539 1441 630; x_wconf 63' lang='grc' dir='ltr'>εἴςπραξινλδδ</span> 
     </span>
     <span class='ocr_line' id='line_1_3' title="bbox 359 641 1442 734; baseline -0.004 -20"><span class='ocrx_word' id='word_1_14' title='bbox 359 644 495 732; x_wconf 72' lang='grc' dir='ltr'>τοκιστὴς</span> <span class='ocrx_word' id='word_1_15' title='bbox 528 648 801 734; x_wconf 76' lang='grc' dir='ltr'>συμβουίίλομένου]</span> <span class='ocrx_word' id='word_1_16' title='bbox 831 651 884 712; x_wconf 83' lang='grc' dir='ltr'><strong>τοῦ</strong></span> <span class='ocrx_word' id='word_1_17' title='bbox 917 644 1036 731; x_wconf 85' lang='grc' dir='ltr'>ἐγγόου.</span> <span class='ocrx_word' id='word_1_18' title='bbox 1061 683 1106 694; x_wconf 93' lang='lat'><em>-</em></span> <span class='ocrx_word' id='word_1_19' title='bbox 1134 645 1201 732; x_wconf 87' lang='grc' dir='ltr'>περί</span> <span class='ocrx_word' id='word_1_20' title='bbox 1230 645 1263 711; x_wconf 82' lang='grc' dir='ltr'>δέ</span> <span class='ocrx_word' id='word_1_21' title='bbox 1290 643 1388 712; x_wconf 76' lang='grc' dir='ltr'>τούτου</span> <span class='ocrx_word' id='word_1_22' title='bbox 1412 641 1442 711; x_wconf 79' lang='grc' dir='ltr'>όν</span> 
     </span>
     <span class='ocr_line' id='line_1_4' title="bbox 360 746 1444 838; baseline -0.002 -22"><span class='ocrx_word' id='word_1_23' title='bbox 360 749 600 838; x_wconf 82' lang='grc' dir='ltr'>ἀμφισβητῶσιγ,</span> <span class='ocrx_word' id='word_1_24' title='bbox 625 751 721 836; x_wconf 79' lang='grc' dir='ltr'>κρίσιν</span> <span class='ocrx_word' id='word_1_25' title='bbox 744 746 845 822; x_wconf 87' lang='grc' dir='ltr'>αότοῖς</span> <span class='ocrx_word' id='word_1_26' title='bbox 865 749 1004 835; x_wconf 79' lang='grc' dir='ltr'>γίνεσθαι</span> <span class='ocrx_word' id='word_1_27' title='bbox 1024 748 1028 835; x_wconf 72' lang='grc' dir='ltr'>ί</span> <span class='ocrx_word' id='word_1_28' title='bbox 1049 748 1097 814; x_wconf 78' lang='grc' dir='ltr'>ἐπί</span> <span class='ocrx_word' id='word_1_29' title='bbox 1119 754 1172 814; x_wconf 79' lang='grc' dir='ltr'>τοῦ</span> <span class='ocrx_word' id='word_1_30' title='bbox 1187 751 1300 820; x_wconf 78' lang='grc' dir='ltr'>ξενικοῦ</span> <span class='ocrx_word' id='word_1_31' title='bbox 1315 752 1444 834; x_wconf 81' lang='grc' dir='ltr'>δικαστη-</span> 
     </span>
     <span class='ocr_line' id='line_1_5' title="bbox 360 847 1444 940; baseline -0.002 -23"><span class='ocrx_word' id='word_1_32' title='bbox 360 853 434 940; x_wconf 81' lang='grc' dir='ltr'>ρίου,</span> <span class='ocrx_word' id='word_1_33' title='bbox 462 847 506 938; x_wconf 75' lang='lat' dir='ltr'>ip</span> <span class='ocrx_word' id='word_1_34' title='bbox 528 850 568 938; x_wconf 92' lang='grc' dir='ltr'>μή</span> <span class='ocrx_word' id='word_1_35' title='bbox 592 875 621 916; x_wconf 90' lang='grc' dir='ltr'>τι</span> <span class='ocrx_word' id='word_1_36' title='bbox 643 849 698 918; x_wconf 80' lang='grc' dir='ltr'>ὑπὸ</span> <span class='ocrx_word' id='word_1_37' title='bbox 724 857 781 917; x_wconf 80' lang='grc' dir='ltr'>τῶν</span> <span class='ocrx_word' id='word_1_38' title='bbox 798 855 954 936; x_wconf 81' lang='grc' dir='ltr'>διαιτητῶν</span> <span class='ocrx_word' id='word_1_39' title='bbox 970 852 1184 936; x_wconf 79' lang='grc' dir='ltr'>συμπίεισδῶσι</span> <span class='ocrx_word' id='word_1_40' title='bbox 1198 854 1235 933; x_wconf 85' lang='lat'>²⁴,</span> <span class='ocrx_word' id='word_1_41' title='bbox 1259 850 1263 938; x_wconf 89' lang='grc' dir='ltr'>Ι</span> <span class='ocrx_word' id='word_1_42' title='bbox 1282 859 1333 937; x_wconf 77' lang='grc' dir='ltr'>τής</span> <span class='ocrx_word' id='word_1_43' title='bbox 1355 853 1385 916; x_wconf 83' lang='grc' dir='ltr'>δὲ</span> <span class='ocrx_word' id='word_1_44' title='bbox 1405 853 1444 915; x_wconf 91' lang='grc' dir='ltr'>δί-</span> 
     </span>
     <span class='ocr_line' id='line_1_6' title="bbox 358 948 1445 1043; baseline -0.003 -22"><span class='ocrx_word' id='word_1_45' title='bbox 358 981 414 1040; x_wconf 81' lang='grc' dir='ltr'>κης</span> <span class='ocrx_word' id='word_1_46' title='bbox 441 948 544 1043; x_wconf 87' lang='grc' dir='ltr'>ὀίρχειν</span> <span class='ocrx_word' id='word_1_47' title='bbox 572 951 622 1020; x_wconf 87' lang='grc' dir='ltr'>τὸν</span> <span class='ocrx_word' id='word_1_48' title='bbox 649 953 799 1040; x_wconf 87' lang='grc' dir='ltr'>τοκιστήν.</span> <span class='ocrx_word' id='word_1_49' title='bbox 826 993 864 1003; x_wconf 96' lang='grc'>-</span> <span class='ocrx_word' id='word_1_50' title='bbox 895 957 923 1018; x_wconf 84' lang='grc' dir='ltr'>εἰ</span> <span class='ocrx_word' id='word_1_51' title='bbox 955 955 988 1018; x_wconf 88' lang='grc' dir='ltr'>δέ</span> <span class='ocrx_word' id='word_1_52' title='bbox 1020 979 1062 1026; x_wconf 88' lang='grc' dir='ltr'>τις</span> <span class='ocrx_word' id='word_1_53' title='bbox 1092 953 1248 1040; x_wconf 86' lang='grc' dir='ltr'>ἐπίτροπος</span> <span class='ocrx_word' id='word_1_54' title='bbox 1269 956 1301 1019; x_wconf 85' lang='grc' dir='ltr'>έν</span> <span class='ocrx_word' id='word_1_55' title='bbox 1322 959 1369 1040; x_wconf 71' lang='lat' dir='ltr'>rip</span> <span class='ocrx_word' id='word_1_56' title='bbox 1388 957 1445 1020; x_wconf 82' lang='grc' dir='ltr'>ἐπι-</span> 
     </span>
     <span class='ocr_line' id='line_1_7' title="bbox 356 1052 1446 1145; baseline -0.001 -23"><span class='ocrx_word' id='word_1_57' title='bbox 356 1059 480 1145; x_wconf 81' lang='grc' dir='ltr'>[τροπῆι]</span> <span class='ocrx_word' id='word_1_58' title='bbox 498 1057 503 1144; x_wconf 86' lang='grc'>1</span> <span class='ocrx_word' id='word_1_59' title='bbox 523 1053 623 1145; x_wconf 81' lang='grc' dir='ltr'>λαβὼν</span> <span class='ocrx_word' id='word_1_60' title='bbox 654 1054 743 1131; x_wconf 87' lang='grc' dir='ltr'>αότός</span> <span class='ocrx_word' id='word_1_61' title='bbox 773 1057 840 1143; x_wconf 80' lang='grc' dir='ltr'>ἔχει</span> <span class='ocrx_word' id='word_1_62' title='bbox 866 1052 1012 1144; x_wconf 89' lang='grc' dir='ltr'>χρήματα</span> <span class='ocrx_word' id='word_1_63' title='bbox 1037 1061 1096 1122; x_wconf 83' lang='grc' dir='ltr'>τῶν</span> <span class='ocrx_word' id='word_1_64' title='bbox 1119 1059 1171 1120; x_wconf 81' lang='grc' dir='ltr'>τοῦ</span> <span class='ocrx_word' id='word_1_65' title='bbox 1194 1053 1327 1142; x_wconf 76' lang='grc' dir='ltr'>ὀρφανοῦ</span> <span class='ocrx_word' id='word_1_66' title='bbox 1347 1054 1446 1143; x_wconf 83' lang='grc' dir='ltr'>τρόποι</span> 
     </span>
    </p>

    <p class='ocr_par' dir='ltr' id='par_1_3' title="bbox 316 1151 1513 1657">
     <span class='ocr_line' id='line_1_8' title="bbox 316 1151 1513 1246; baseline -0.003 -18"><span class='ocrx_word' id='word_1_67' title='bbox 316 1178 348 1228; x_wconf 83' lang='lat'>55</span> <span class='ocrx_word' id='word_1_68' title='bbox 361 1157 502 1242; x_wconf 82' lang='grc' dir='ltr'>δτιυιοδν,</span> <span class='ocrx_word' id='word_1_69' title='bbox 533 1156 641 1226; x_wconf 86' lang='grc' dir='ltr'>τοότιυι</span> <span class='ocrx_word' id='word_1_70' title='bbox 664 1157 704 1246; x_wconf 85' lang='grc' dir='ltr'>μή</span> <span class='ocrx_word' id='word_1_71' title='bbox 724 1159 734 1246; x_wconf 61' lang='lat' dir='ltr'>tt</span> <span class='ocrx_word' id='word_1_72' title='bbox 755 1159 833 1225; x_wconf 77' lang='grc' dir='ltr'>εἶναι</span> <span class='ocrx_word' id='word_1_73' title='bbox 861 1155 960 1224; x_wconf 87' lang='grc' dir='ltr'>κοινὸν</span> <span class='ocrx_word' id='word_1_74' title='bbox 988 1154 1045 1244; x_wconf 88' lang='grc' dir='ltr'>τόμ</span> <span class='ocrx_word' id='word_1_75' title='bbox 1071 1154 1248 1244; x_wconf 60' lang='grc' dir='ltr'>πόλεμονῖὅ.</span> <span class='ocrx_word' id='word_1_76' title='bbox 1275 1195 1313 1207; x_wconf 92' lang='grc'>-</span> <span class='ocrx_word' id='word_1_77' title='bbox 1336 1151 1399 1224; x_wconf 84' lang='grc' dir='ltr'>όσοι</span> <span class='ocrx_word' id='word_1_78' title='bbox 1417 1158 1446 1224; x_wconf 82' lang='grc' dir='ltr'>δὲ</span> <span class='ocrx_word' id='word_1_79' title='bbox 1512 1179 1513 1184; x_wconf 74' lang='grc'>’</span> 
     </span>
     <span class='ocr_line' id='line_1_9' title="bbox 359 1255 1447 1350; baseline -0.002 -22"><span class='ocrx_word' id='word_1_80' title='bbox 359 1259 472 1350; x_wconf 80' lang='grc' dir='ltr'>φερνὰς</span> <span class='ocrx_word' id='word_1_81' title='bbox 494 1259 649 1348; x_wconf 77' lang='grc' dir='ltr'>ὀφείλουσι</span> <span class='ocrx_word' id='word_1_82' title='bbox 670 1263 844 1349; x_wconf 79' lang='grc' dir='ltr'>θυγατρίοις</span> <span class='ocrx_word' id='word_1_83' title='bbox 869 1256 889 1345; x_wconf 83' lang='grc' dir='ltr'>ή</span> <span class='ocrx_word' id='word_1_84' title='bbox 921 1256 1077 1348; x_wconf 75' lang='grc' dir='ltr'>ὀίδελφαῖς</span> <span class='ocrx_word' id='word_1_85' title='bbox 1106 1263 1171 1334; x_wconf 83' lang='grc' dir='ltr'>ταῖς</span> <span class='ocrx_word' id='word_1_86' title='bbox 1202 1255 1310 1342; x_wconf 81' lang='grc' dir='ltr'>αδτιῒιν,</span> <span class='ocrx_word' id='word_1_87' title='bbox 1338 1287 1447 1347; x_wconf 85' lang='grc' dir='ltr'>μεμερι·</span> 
     </span>
     <span class='ocr_line' id='line_1_10' title="bbox 358 1351 1513 1451; baseline -0.002 -21"><span class='ocrx_word' id='word_1_88' title='bbox 358 1362 442 1438; x_wconf 89' lang='grc' dir='ltr'>κότες</span> <span class='ocrx_word' id='word_1_89' title='bbox 465 1367 499 1429; x_wconf 82' lang='grc' dir='ltr'>ἐκ</span> <span class='ocrx_word' id='word_1_90' title='bbox 521 1371 573 1450; x_wconf 81' lang='grc' dir='ltr'>τῆς</span> <span class='ocrx_word' id='word_1_91' title='bbox 595 1361 750 1451; x_wconf 80' lang='grc' dir='ltr'>πατρώιος</span> <span class='ocrx_word' id='word_1_92' title='bbox 778 1361 883 1438; x_wconf 88' lang='grc' dir='ltr'>οίισίας</span> <span class='ocrx_word' id='word_1_93' title='bbox 904 1357 924 1450; x_wconf 78' lang='grc' dir='ltr'>ἢ</span> <span class='ocrx_word' id='word_1_94' title='bbox 947 1365 1104 1451; x_wconf 82' lang='grc' dir='ltr'>ἐπίτροποι</span> <span class='ocrx_word' id='word_1_95' title='bbox 1125 1365 1129 1448; x_wconf 91' lang='grc' dir='ltr'>Ι</span> <span class='ocrx_word' id='word_1_96' title='bbox 1152 1359 1208 1429; x_wconf 81' lang='grc' dir='ltr'>ὖπό</span> <span class='ocrx_word' id='word_1_97' title='bbox 1230 1359 1342 1450; x_wconf 87' lang='grc' dir='ltr'>πατρὸς</span> <span class='ocrx_word' id='word_1_98' title='bbox 1362 1388 1445 1428; x_wconf 88' lang='grc' dir='ltr'>κατα·</span> <span class='ocrx_word' id='word_1_99' title='bbox 1512 1351 1513 1394; x_wconf 54' lang='grc' dir='ltr'>ί</span> 
     </span>
     <span class='ocr_line' id='line_1_11' title="bbox 358 1461 1513 1554; baseline -0.003 -20"><span class='ocrx_word' id='word_1_100' title='bbox 358 1469 548 1552; x_wconf 80' lang='grc' dir='ltr'>λελειμμένοι</span> <span class='ocrx_word' id='word_1_101' title='bbox 573 1461 593 1552; x_wconf 82' lang='grc' dir='ltr'><strong>ἢ</strong></span> <span class='ocrx_word' id='word_1_102' title='bbox 624 1463 680 1532; x_wconf 85' lang='grc' dir='ltr'>δπό</span> <span class='ocrx_word' id='word_1_103' title='bbox 704 1463 800 1552; x_wconf 91' lang='grc' dir='ltr'>δήμου</span> <span class='ocrx_word' id='word_1_104' title='bbox 828 1463 1004 1553; x_wconf 84' lang='grc' dir='ltr'>ἡιρημένοι,</span> <span class='ocrx_word' id='word_1_105' title='bbox 1036 1467 1101 1540; x_wconf 86' lang='grc' dir='ltr'>ταῖς</span> <span class='ocrx_word' id='word_1_106' title='bbox 1128 1462 1276 1554; x_wconf 86' lang='grc' dir='ltr'>ὀρφαναῖς</span> <span class='ocrx_word' id='word_1_107' title='bbox 1295 1467 1300 1552; x_wconf 87' lang='grc'>1</span> <span class='ocrx_word' id='word_1_108' title='bbox 1319 1469 1382 1540; x_wconf 88' lang='grc' dir='ltr'>ταῖς</span> <span class='ocrx_word' id='word_1_109' title='bbox 1401 1461 1443 1532; x_wconf 71' lang='grc' dir='ltr'>ὑπ’</span> <span class='ocrx_word' id='word_1_110' title='bbox 1512 1487 1513 1506; x_wconf 61' lang='lat'><strong>³</strong></span> 
     </span>
     <span class='ocr_line' id='line_1_12' title="bbox 358 1563 1447 1657; baseline -0.002 -22"><span class='ocrx_word' id='word_1_111' title='bbox 358 1565 457 1635; x_wconf 75' lang='grc' dir='ltr'>αὐτῶν</span> <span class='ocrx_word' id='word_1_112' title='bbox 479 1571 760 1657; x_wconf 76' lang='grc' dir='ltr'>έπιτροπευομέναις</span> <span class='ocrx_word' id='word_1_113' title='bbox 783 1565 824 1654; x_wconf 84' lang='grc' dir='ltr'>μή</span> <span class='ocrx_word' id='word_1_114' title='bbox 847 1564 1059 1634; x_wconf 74' lang='grc' dir='ltr'>ἀποδεδώκασι</span> <span class='ocrx_word' id='word_1_115' title='bbox 1080 1566 1133 1642; x_wconf 81' lang='grc' dir='ltr'>τὰς</span> <span class='ocrx_word' id='word_1_116' title='bbox 1156 1566 1268 1656; x_wconf 80' lang='grc' dir='ltr'>φερνὰς</span> <span class='ocrx_word' id='word_1_117' title='bbox 1285 1563 1320 1642; x_wconf 79' lang='grc' dir='ltr'>ἃς</span> <span class='ocrx_word' id='word_1_118' title='bbox 1335 1572 1362 1634; x_wconf 79' lang='grc' dir='ltr'>οἱ</span> <span class='ocrx_word' id='word_1_119' title='bbox 1377 1571 1381 1653; x_wconf 78' lang='grc' dir='ltr'>ί</span> <span class='ocrx_word' id='word_1_120' title='bbox 1395 1595 1447 1634; x_wconf 89' lang='grc' dir='ltr'>πα-</span> 
     </span>
    </p>

    <p class='ocr_par' dir='ltr' id='par_1_4' title="bbox 314 1667 1513 2272">
     <span class='ocr_line' id='line_1_13' title="bbox 314 1667 1447 1758; baseline -0.003 -19"><span class='ocrx_word' id='word_1_121' title='bbox 314 1673 442 1758; x_wconf 77' lang='grc' dir='ltr'>θυτέρες</span> <span class='ocrx_word' id='word_1_122' title='bbox 464 1671 580 1751; x_wconf 76' lang='grc' dir='ltr'>ἔταξαν,</span> <span class='ocrx_word' id='word_1_123' title='bbox 604 1667 624 1758; x_wconf 85' lang='grc' dir='ltr'><strong>ἢ</strong></span> <span class='ocrx_word' id='word_1_124' title='bbox 647 1669 796 1758; x_wconf 76' lang='grc' dir='ltr'>γήμαντες</span> <span class='ocrx_word' id='word_1_125' title='bbox 818 1671 870 1736; x_wconf 89' lang='grc' dir='ltr'>καί</span> <span class='ocrx_word' id='word_1_126' title='bbox 893 1673 1085 1745; x_wconf 79' lang='grc' dir='ltr'>διαλυθέντες</span> <span class='ocrx_word' id='word_1_127' title='bbox 1108 1669 1149 1756; x_wconf 81' lang='grc' dir='ltr'>μή</span> <span class='ocrx_word' id='word_1_128' title='bbox 1173 1668 1387 1758; x_wconf 77' lang='grc' dir='ltr'>ὀποδεδιόκοήσι</span> <span class='ocrx_word' id='word_1_129' title='bbox 1402 1669 1447 1745; x_wconf 76' lang='grc' dir='ltr'>τὰς</span> 
     </span>
     <span class='ocr_line' id='line_1_14' title="bbox 358 1767 1446 1862; baseline -0.001 -22"><span class='ocrx_word' id='word_1_130' title='bbox 358 1772 468 1862; x_wconf 85' lang='grc' dir='ltr'>φερνὰς</span> <span class='ocrx_word' id='word_1_131' title='bbox 498 1767 590 1848; x_wconf 81' lang='grc' dir='ltr'>οόσας</span> <span class='ocrx_word' id='word_1_132' title='bbox 619 1770 783 1848; x_wconf 87' lang='grc' dir='ltr'>ὀιποδότους</span> <span class='ocrx_word' id='word_1_133' title='bbox 808 1771 887 1840; x_wconf 84' lang='grc' dir='ltr'>κατὰ</span> <span class='ocrx_word' id='word_1_134' title='bbox 908 1770 958 1840; x_wconf 83' lang='grc' dir='ltr'>τὸν</span> <span class='ocrx_word' id='word_1_135' title='bbox 981 1769 1083 1859; x_wconf 84' lang='grc' dir='ltr'>νόμον,</span> <span class='ocrx_word' id='word_1_136' title='bbox 1116 1769 1238 1847; x_wconf 89' lang='grc' dir='ltr'>τοότους</span> <span class='ocrx_word' id='word_1_137' title='bbox 1260 1771 1446 1858; x_wconf 86' lang='grc' dir='ltr'>ἀποδιδόνπιΙ</span> 
     </span>
     <span class='ocr_line' id='line_1_15' title="bbox 357 1871 1513 1964; baseline -0.001 -22"><span class='ocrx_word' id='word_1_138' title='bbox 357 1874 410 1949; x_wconf 82' lang='grc' dir='ltr'>τὰς</span> <span class='ocrx_word' id='word_1_139' title='bbox 436 1875 546 1964; x_wconf 82' lang='grc' dir='ltr'>φερνὰς</span> <span class='ocrx_word' id='word_1_140' title='bbox 575 1878 627 1943; x_wconf 84' lang='grc' dir='ltr'>καί</span> <span class='ocrx_word' id='word_1_141' title='bbox 658 1875 727 1951; x_wconf 85' lang='grc' dir='ltr'>τοός</span> <span class='ocrx_word' id='word_1_142' title='bbox 754 1874 859 1950; x_wconf 84' lang='grc' dir='ltr'>τόκους</span> <span class='ocrx_word' id='word_1_143' title='bbox 887 1874 966 1942; x_wconf 83' lang='grc' dir='ltr'>κατὰ</span> <span class='ocrx_word' id='word_1_144' title='bbox 993 1873 1045 1950; x_wconf 82' lang='grc' dir='ltr'>τὰς</span> <span class='ocrx_word' id='word_1_145' title='bbox 1072 1873 1204 1963; x_wconf 75' lang='grc' dir='ltr'>πράξεις,</span> <span class='ocrx_word' id='word_1_146' title='bbox 1235 1877 1290 1943; x_wconf 87' lang='grc' dir='ltr'>καί</span> <span class='ocrx_word' id='word_1_147' title='bbox 1319 1875 1359 1963; x_wconf 83' lang='grc' dir='ltr'>μή</span> <span class='ocrx_word' id='word_1_148' title='bbox 1381 1877 1447 1942; x_wconf 82' lang='grc' dir='ltr'>εἶναι</span> <span class='ocrx_word' id='word_1_149' title='bbox 1512 1871 1513 1956; x_wconf 79' lang='grc' dir='ltr'>ί</span> 
     </span>
     <span class='ocr_line' id='line_1_16' title="bbox 358 1975 1446 2067; baseline 0 -23"><span class='ocrx_word' id='word_1_150' title='bbox 358 1976 458 2053; x_wconf 89' lang='grc' dir='ltr'>αότοῖς</span> <span class='ocrx_word' id='word_1_151' title='bbox 488 1975 733 2067; x_wconf 75' lang='grc' dir='ltr'>δπολοίγίζεσδαι</span> <span class='ocrx_word' id='word_1_152' title='bbox 756 1977 809 2066; x_wconf 89' lang='grc' dir='ltr'>τόγ</span> <span class='ocrx_word' id='word_1_153' title='bbox 836 1975 943 2064; x_wconf 87' lang='grc' dir='ltr'>κοινδμ</span> <span class='ocrx_word' id='word_1_154' title='bbox 968 1975 1110 2064; x_wconf 88' lang='grc' dir='ltr'>πόλεμον,</span> <span class='ocrx_word' id='word_1_155' title='bbox 1144 1975 1224 2045; x_wconf 77' lang='grc' dir='ltr'>ἀλλὰ</span> <span class='ocrx_word' id='word_1_156' title='bbox 1245 1977 1280 2046; x_wconf 86' lang='grc' dir='ltr'>τὸ</span> <span class='ocrx_word' id='word_1_157' title='bbox 1302 1978 1446 2067; x_wconf 84' lang='grc' dir='ltr'>γενόμενον</span> 
     </span>
     <span class='ocr_line' id='line_1_17' title="bbox 357 2069 1513 2170; baseline -0.001 -23"><span class='ocrx_word' id='word_1_158' title='bbox 357 2079 516 2167; x_wconf 80' lang='grc' dir='ltr'>διάπτωμα</span> <span class='ocrx_word' id='word_1_159' title='bbox 543 2079 827 2170; x_wconf 78' lang='grc' dir='ltr'>ἀναπληΙροότοισαν</span> <span class='ocrx_word' id='word_1_160' title='bbox 853 2083 896 2155; x_wconf 87' lang='grc' dir='ltr'>είς</span> <span class='ocrx_word' id='word_1_161' title='bbox 927 2079 982 2167; x_wconf 86' lang='grc' dir='ltr'>τήν</span> <span class='ocrx_word' id='word_1_162' title='bbox 1015 2076 1126 2168; x_wconf 84' lang='grc' dir='ltr'>φερνήν</span> <span class='ocrx_word' id='word_1_163' title='bbox 1156 2083 1221 2155; x_wconf 87' lang='grc' dir='ltr'>ταῖς</span> <span class='ocrx_word' id='word_1_164' title='bbox 1250 2079 1395 2170; x_wconf 84' lang='grc' dir='ltr'>ὀρφαναῖς</span> <span class='ocrx_word' id='word_1_165' title='bbox 1424 2083 1447 2146; x_wconf 90' lang='grc' dir='ltr'>οί</span> <span class='ocrx_word' id='word_1_166' title='bbox 1512 2069 1513 2138; x_wconf 44' lang='lat' dir='ltr'>J</span> 
     </span>
     <span class='ocr_line' id='line_1_18' title="bbox 357 2177 1244 2272; baseline -0.001 -22"><span class='ocrx_word' id='word_1_167' title='bbox 357 2187 510 2272; x_wconf 76' lang='grc' dir='ltr'>ἐπίτροποι</span> <span class='ocrx_word' id='word_1_168' title='bbox 532 2187 567 2250; x_wconf 79' lang='grc' dir='ltr'>ἐκ</span> <span class='ocrx_word' id='word_1_169' title='bbox 587 2190 640 2251; x_wconf 86' lang='grc' dir='ltr'>τοδ</span> <span class='ocrx_word' id='word_1_170' title='bbox 662 2179 757 2251; x_wconf 77' lang='grc' dir='ltr'>ἄλλου</span> <span class='ocrx_word' id='word_1_171' title='bbox 778 2182 862 2250; x_wconf 86' lang='grc' dir='ltr'>οἴκου</span> <span class='ocrx_word' id='word_1_172' title='bbox 879 2183 884 2270; x_wconf 88' lang='grc' dir='ltr'>Ι</span> <span class='ocrx_word' id='word_1_173' title='bbox 901 2177 936 2251; x_wconf 82' lang='grc' dir='ltr'>οδ</span> <span class='ocrx_word' id='word_1_174' title='bbox 958 2177 994 2249; x_wconf 75' lang='grc' dir='ltr'>ἂν</span> <span class='ocrx_word' id='word_1_175' title='bbox 1017 2180 1244 2271; x_wconf 83' lang='grc' dir='ltr'>ἐπιτροπεόωσι.</span> 
     </span>
    </p>

    <p class='ocr_par' dir='ltr' id='par_1_5' title="bbox 312 2279 1513 2990">
     <span class='ocr_line' id='line_1_19' title="bbox 312 2279 1447 2376; baseline 0.002 -25"><span class='ocrx_word' id='word_1_176' title='bbox 312 2279 436 2355; x_wconf 83' lang='grc' dir='ltr'>65Ὅσοι</span> <span class='ocrx_word' id='word_1_177' title='bbox 457 2287 491 2353; x_wconf 84' lang='grc' dir='ltr'>δέ</span> <span class='ocrx_word' id='word_1_178' title='bbox 513 2287 562 2353; x_wconf 81' lang='grc' dir='ltr'>ἐπί</span> <span class='ocrx_word' id='word_1_179' title='bbox 584 2285 746 2374; x_wconf 77' lang='grc' dir='ltr'>κτήίμ]ασιν</span> <span class='ocrx_word' id='word_1_180' title='bbox 769 2289 994 2372; x_wconf 86' lang='grc' dir='ltr'>δεδανεισμένοι</span> <span class='ocrx_word' id='word_1_181' title='bbox 1015 2283 1088 2352; x_wconf 80' lang='grc' dir='ltr'>εἰσίν</span> <span class='ocrx_word' id='word_1_182' title='bbox 1110 2281 1169 2351; x_wconf 82' lang='grc' dir='ltr'>ἀπὸ</span> <span class='ocrx_word' id='word_1_183' title='bbox 1185 2284 1368 2375; x_wconf 86' lang='grc' dir='ltr'>Δημαγόρου</span> <span class='ocrx_word' id='word_1_184' title='bbox 1381 2313 1447 2376; x_wconf 90' lang='grc' dir='ltr'>πρυ-</span> 
     </span>
     <span class='ocr_line' id='line_1_20' title="bbox 354 2384 1513 2480; baseline 0.001 -24"><span class='ocrx_word' id='word_1_185' title='bbox 354 2389 504 2464; x_wconf 57' lang='grc' dir='ltr'>ταίνευιςό6</span> <span class='ocrx_word' id='word_1_186' title='bbox 526 2389 578 2455; x_wconf 85' lang='grc' dir='ltr'>καί</span> <span class='ocrx_word' id='word_1_187' title='bbox 601 2388 693 2476; x_wconf 80' lang='grc' dir='ltr'>μηνὸς</span> <span class='ocrx_word' id='word_1_188' title='bbox 724 2389 932 2475; x_wconf 81' lang='grc' dir='ltr'>ΠοσιδεῶΙνος,</span> <span class='ocrx_word' id='word_1_189' title='bbox 963 2384 1079 2462; x_wconf 86' lang='grc' dir='ltr'>τοότοις</span> <span class='ocrx_word' id='word_1_190' title='bbox 1104 2386 1175 2475; x_wconf 74' lang='grc' dir='ltr'>ήόίμ</span> <span class='ocrx_word' id='word_1_191' title='bbox 1198 2389 1253 2476; x_wconf 84' lang='grc' dir='ltr'>μέγ</span> <span class='ocrx_word' id='word_1_192' title='bbox 1276 2387 1382 2476; x_wconf 87' lang='grc' dir='ltr'>κοινόμ</span> <span class='ocrx_word' id='word_1_193' title='bbox 1400 2387 1448 2456; x_wconf 87' lang='grc' dir='ltr'>τό·</span> <span class='ocrx_word' id='word_1_194' title='bbox 1512 2393 1513 2480; x_wconf 67' lang='grc' dir='ltr'>γ</span> 
     </span>
     <span class='ocr_line' id='line_1_21' title="bbox 354 2483 1448 2580; baseline -0.001 -21"><span class='ocrx_word' id='word_1_195' title='bbox 354 2497 445 2578; x_wconf 85' lang='grc' dir='ltr'>λεμον</span> <span class='ocrx_word' id='word_1_196' title='bbox 468 2491 547 2558; x_wconf 87' lang='grc' dir='ltr'>είναι</span> <span class='ocrx_word' id='word_1_197' title='bbox 569 2483 667 2579; x_wconf 81' lang='grc' dir='ltr'>ὥςπερ</span> <span class='ocrx_word' id='word_1_198' title='bbox 688 2491 741 2558; x_wconf 85' lang='grc' dir='ltr'>καί</span> <span class='ocrx_word' id='word_1_199' title='bbox 762 2494 823 2566; x_wconf 87' lang='grc' dir='ltr'>τοῖς</span> <span class='ocrx_word' id='word_1_200' title='bbox 846 2485 964 2574; x_wconf 74' lang='grc' dir='ltr'>ἄλλοις,</span> <span class='ocrx_word' id='word_1_201' title='bbox 990 2489 1044 2566; x_wconf 82' lang='grc' dir='ltr'>τὰς</span> <span class='ocrx_word' id='word_1_202' title='bbox 1066 2491 1100 2556; x_wconf 87' lang='grc' dir='ltr'>δέ</span> <span class='ocrx_word' id='word_1_203' title='bbox 1122 2489 1258 2577; x_wconf 79' lang='grc' dir='ltr'>τιμήσεις</span> <span class='ocrx_word' id='word_1_204' title='bbox 1281 2493 1361 2559; x_wconf 79' lang='grc' dir='ltr'>εἶναι</span> <span class='ocrx_word' id='word_1_205' title='bbox 1376 2495 1380 2580; x_wconf 88' lang='grc' dir='ltr'>Ι</span> <span class='ocrx_word' id='word_1_206' title='bbox 1395 2496 1448 2578; x_wconf 78' lang='grc' dir='ltr'>τῶγ</span> 
     </span>
     <span class='ocr_line' id='line_1_22' title="bbox 354 2590 1513 2683; baseline 0.001 -23"><span class='ocrx_word' id='word_1_207' title='bbox 354 2592 526 2681; x_wconf 75' lang='grc' dir='ltr'>κτήίμόίτιυν</span> <span class='ocrx_word' id='word_1_208' title='bbox 549 2598 581 2662; x_wconf 82' lang='grc' dir='ltr'>ἐν</span> <span class='ocrx_word' id='word_1_209' title='bbox 604 2594 650 2668; x_wconf 87' lang='grc' dir='ltr'>οἶς</span> <span class='ocrx_word' id='word_1_210' title='bbox 672 2590 792 2682; x_wconf 89' lang='grc' dir='ltr'>χρόνοις</span> <span class='ocrx_word' id='word_1_211' title='bbox 814 2592 851 2660; x_wconf 79' lang='grc' dir='ltr'>τὰ</span> <span class='ocrx_word' id='word_1_212' title='bbox 873 2591 967 2660; x_wconf 83' lang='grc' dir='ltr'>δόνεα</span> <span class='ocrx_word' id='word_1_213' title='bbox 988 2595 1040 2660; x_wconf 81' lang='grc' dir='ltr'>καί</span> <span class='ocrx_word' id='word_1_214' title='bbox 1063 2595 1095 2660; x_wconf 84' lang='grc' dir='ltr'>αἱ</span> <span class='ocrx_word' id='word_1_215' title='bbox 1116 2591 1237 2680; x_wconf 83' lang='grc' dir='ltr'>πράξεις</span> <span class='ocrx_word' id='word_1_216' title='bbox 1252 2593 1406 2683; x_wconf 86' lang='grc' dir='ltr'>γεγόνασιν</span> <span class='ocrx_word' id='word_1_217' title='bbox 1414 2597 1446 2673; x_wconf 72' lang='lat'>²²,</span> <span class='ocrx_word' id='word_1_218' title='bbox 1512 2599 1513 2640; x_wconf 79' lang='lat' dir='ltr'><strong>t</strong></span> 
     </span>
     <span class='ocr_line' id='line_1_23' title="bbox 353 2690 1449 2784; baseline 0.001 -21"><span class='ocrx_word' id='word_1_219' title='bbox 353 2690 436 2772; x_wconf 82' lang='grc' dir='ltr'>όποις</span> <span class='ocrx_word' id='word_1_220' title='bbox 458 2697 488 2764; x_wconf 85' lang='grc' dir='ltr'>εἴ</span> <span class='ocrx_word' id='word_1_221' title='bbox 507 2723 584 2770; x_wconf 90' lang='grc' dir='ltr'>τινες</span> <span class='ocrx_word' id='word_1_222' title='bbox 606 2699 801 2784; x_wconf 80' lang='grc' dir='ltr'>κεκομμένοις</span> <span class='ocrx_word' id='word_1_223' title='bbox 819 2699 822 2780; x_wconf 75' lang='grc' dir='ltr'>ί</span> <span class='ocrx_word' id='word_1_224' title='bbox 838 2698 900 2770; x_wconf 87' lang='grc' dir='ltr'>τοῖς</span> <span class='ocrx_word' id='word_1_225' title='bbox 922 2692 1084 2782; x_wconf 76' lang='grc' dir='ltr'>κτήμίασιν]</span> <span class='ocrx_word' id='word_1_226' title='bbox 1104 2692 1124 2784; x_wconf 84' lang='grc' dir='ltr'><strong>ἢ</strong></span> <span class='ocrx_word' id='word_1_227' title='bbox 1147 2702 1203 2762; x_wconf 83' lang='grc' dir='ltr'>τῶν</span> <span class='ocrx_word' id='word_1_228' title='bbox 1227 2700 1378 2764; x_wconf 80' lang='grc' dir='ltr'>ἐπαυλίοιν</span> <span class='ocrx_word' id='word_1_229' title='bbox 1399 2723 1449 2764; x_wconf 88' lang='grc' dir='ltr'>κα·</span> 
     </span>
     <span class='ocr_line' id='line_1_24' title="bbox 353 2793 1450 2888; baseline -0.002 -23"><span class='ocrx_word' id='word_1_230' title='bbox 353 2799 535 2887; x_wconf 77' lang='grc' dir='ltr'>δγγρημένων</span> <span class='ocrx_word' id='word_1_231' title='bbox 559 2795 800 2887; x_wconf 82' lang='grc' dir='ltr'>συνήλλόχασιν,</span> <span class='ocrx_word' id='word_1_232' title='bbox 826 2793 920 2873; x_wconf 84' lang='grc' dir='ltr'>οἱίτιυς</span> <span class='ocrx_word' id='word_1_233' title='bbox 943 2801 976 2865; x_wconf 81' lang='grc' dir='ltr'>αἱ</span> <span class='ocrx_word' id='word_1_234' title='bbox 1001 2796 1136 2884; x_wconf 78' lang='grc' dir='ltr'>τιμήσεις</span> <span class='ocrx_word' id='word_1_235' title='bbox 1166 2797 1266 2866; x_wconf 73' lang='grc' dir='ltr'>αὐτῶν</span> <span class='ocrx_word' id='word_1_236' title='bbox 1292 2803 1297 2888; x_wconf 86' lang='grc' dir='ltr'>Ι</span> <span class='ocrx_word' id='word_1_237' title='bbox 1320 2802 1450 2888; x_wconf 80' lang='grc' dir='ltr'>γίνωνται</span> 
     </span>
     <span class='ocr_line' id='line_1_25' title="bbox 352 2895 1449 2990; baseline 0.002 -24"><span class='ocrx_word' id='word_1_238' title='bbox 352 2899 409 2987; x_wconf 86' lang='grc' dir='ltr'>[ὡ]ς</span> <span class='ocrx_word' id='word_1_239' title='bbox 443 2903 643 2987; x_wconf 81' lang='grc' dir='ltr'>διακειμένοις</span> <span class='ocrx_word' id='word_1_240' title='bbox 676 2899 862 2988; x_wconf 79' lang='grc' dir='ltr'>συνήλλαξαν</span> <span class='ocrx_word' id='word_1_241' title='bbox 900 2903 961 2974; x_wconf 84' lang='grc' dir='ltr'>τοῖς</span> <span class='ocrx_word' id='word_1_242' title='bbox 993 2900 1154 2988; x_wconf 87' lang='grc' dir='ltr'>κτήμασιν.</span> <span class='ocrx_word' id='word_1_243' title='bbox 1178 2940 1220 2952; x_wconf 93' lang='grc'>-</span> <span class='ocrx_word' id='word_1_244' title='bbox 1242 2895 1312 2970; x_wconf 85' lang='grc' dir='ltr'>ὀσοι</span> <span class='ocrx_word' id='word_1_245' title='bbox 1341 2903 1374 2970; x_wconf 85' lang='grc' dir='ltr'>δέ</span> <span class='ocrx_word' id='word_1_246' title='bbox 1400 2900 1449 2990; x_wconf 81' lang='grc' dir='ltr'>πρό</span> 
     </span>
    </p>
   </div>
   <div class='ocr_carea' id='block_1_3' title="bbox 263 3174 1513 4439">
    <p class='ocr_par' dir='ltr' id='par_1_6' title="bbox 263 3174 1513 4439">
     <span class='ocr_line' id='line_1_26' title="bbox 337 3174 1448 3246; baseline 0.003 -18"><span class='ocrx_word' id='word_1_247' title='bbox 337 3183 368 3230; x_wconf 70' lang='lat' dir='ltr'>it</span> <span class='ocrx_word' id='word_1_248' title='bbox 395 3181 438 3232; x_wconf 83' lang='lat' dir='ltr'><strong>Se.</strong></span> <span class='ocrx_word' id='word_1_249' title='bbox 456 3185 508 3230; x_wconf 78' lang='grc' dir='ltr'>τῶν</span> <span class='ocrx_word' id='word_1_250' title='bbox 525 3176 618 3230; x_wconf 79' lang='grc' dir='ltr'>τόκον.</span> <span class='ocrx_word' id='word_1_251' title='bbox 727 3180 758 3228; x_wconf 76' lang='lat' dir='ltr'>ut</span> <span class='ocrx_word' id='word_1_252' title='bbox 789 3179 928 3244; x_wconf 82' lang='lat' dir='ltr'><strong>supplevi.</strong></span> <span class='ocrx_word' id='word_1_253' title='bbox 966 3174 1136 3246; x_wconf 70' lang='grc' dir='ltr'>συμπίεισδήι]</span> <span class='ocrx_word' id='word_1_254' title='bbox 1157 3178 1199 3229; x_wconf 86' lang='lat' dir='ltr'>W.</span> <span class='ocrx_word' id='word_1_255' title='bbox 1227 3179 1258 3230; x_wconf 86' lang='lat' dir='ltr'>D.</span> <span class='ocrx_word' id='word_1_256' title='bbox 1287 3179 1328 3231; x_wconf 88' lang='lat' dir='ltr'>ct.</span> <span class='ocrx_word' id='word_1_257' title='bbox 1355 3181 1409 3230; x_wconf 85' lang='lat' dir='ltr'><strong>not.</strong></span> <span class='ocrx_word' id='word_1_258' title='bbox 1427 3185 1448 3231; x_wconf 81' lang='lat' dir='ltr'>o.</span> 
     </span>
     <span class='ocr_line' id='line_1_27' title="bbox 268 3262 1452 3330; baseline -0.002 -14"><span class='ocrx_word' id='word_1_259' title='bbox 268 3269 300 3316; x_wconf 74' lang='lat'>25</span> <span class='ocrx_word' id='word_1_260' title='bbox 319 3267 338 3316; x_wconf 92' lang='lat'>1.</span> <span class='ocrx_word' id='word_1_261' title='bbox 359 3279 383 3316; x_wconf 85' lang='lat' dir='ltr'>s.</span> <span class='ocrx_word' id='word_1_262' title='bbox 405 3278 457 3315; x_wconf 89' lang='lat' dir='ltr'>uon</span> <span class='ocrx_word' id='word_1_263' title='bbox 476 3263 600 3315; x_wconf 76' lang='lat' dir='ltr'><strong>fruentur</strong></span> <span class='ocrx_word' id='word_1_264' title='bbox 618 3265 660 3315; x_wconf 88' lang='lat' dir='ltr'><strong>eis</strong></span> <span class='ocrx_word' id='word_1_265' title='bbox 675 3262 815 3315; x_wconf 78' lang='lat' dir='ltr'><strong>beneficiis</strong></span> <span class='ocrx_word' id='word_1_266' title='bbox 838 3277 908 3328; x_wconf 83' lang='lat' dir='ltr'><strong>quse</strong></span> <span class='ocrx_word' id='word_1_267' title='bbox 932 3263 1102 3316; x_wconf 74' lang='lat' dir='ltr'><strong>debitoribus</strong></span> <span class='ocrx_word' id='word_1_268' title='bbox 1127 3267 1238 3330; x_wconf 87' lang='lat' dir='ltr'><strong>propter</strong></span> <span class='ocrx_word' id='word_1_269' title='bbox 1261 3264 1366 3316; x_wconf 88' lang='lat' dir='ltr'><strong>betium</strong></span> <span class='ocrx_word' id='word_1_270' title='bbox 1384 3277 1452 3315; x_wconf 86' lang='lat' dir='ltr'><strong>eom·</strong></span> 
     </span>
     <span class='ocr_line' id='line_1_28' title="bbox 267 3343 1513 3418; baseline -0.001 -17"><span class='ocrx_word' id='word_1_271' title='bbox 267 3364 349 3402; x_wconf 88' lang='lat' dir='ltr'><strong>mune</strong></span> <span class='ocrx_word' id='word_1_272' title='bbox 368 3349 474 3414; x_wconf 76' lang='lat' dir='ltr'><strong>iegibus</strong></span> <span class='ocrx_word' id='word_1_273' title='bbox 491 3361 621 3400; x_wconf 78' lang='lat' dir='ltr'><strong>concesse</strong></span> <span class='ocrx_word' id='word_1_274' title='bbox 638 3351 702 3400; x_wconf 89' lang='lat' dir='ltr'><strong>sunt</strong></span> <span class='ocrx_word' id='word_1_275' title='bbox 723 3348 765 3411; x_wconf 83' lang='lat' dir='ltr'><strong>(oi.</strong></span> <span class='ocrx_word' id='word_1_276' title='bbox 786 3361 812 3399; x_wconf 88' lang='lat' dir='ltr'>v.</span> <span class='ocrx_word' id='word_1_277' title='bbox 828 3353 856 3398; x_wconf 84' lang='lat' dir='ltr'>tt</span> <span class='ocrx_word' id='word_1_278' title='bbox 880 3347 917 3417; x_wconf 80' lang='grc' dir='ltr'>μή</span> <span class='ocrx_word' id='word_1_279' title='bbox 936 3345 1001 3401; x_wconf 81' lang='grc' dir='ltr'>εἶναι</span> <span class='ocrx_word' id='word_1_280' title='bbox 1019 3347 1105 3406; x_wconf 71' lang='grc' dir='ltr'>αὐτοῖς</span> <span class='ocrx_word' id='word_1_281' title='bbox 1125 3345 1324 3418; x_wconf 65' lang='grc' dir='ltr'>ὑπολογίζεσθαι</span> <span class='ocrx_word' id='word_1_282' title='bbox 1341 3349 1385 3402; x_wconf 80' lang='grc' dir='ltr'>τόν</span> <span class='ocrx_word' id='word_1_283' title='bbox 1401 3367 1451 3402; x_wconf 86' lang='grc' dir='ltr'>κοι-</span> <span class='ocrx_word' id='word_1_284' title='bbox 1512 3343 1513 3406; x_wconf 83' lang='grc' dir='ltr'>ί</span> 
     </span>
     <span class='ocr_line' id='line_1_29' title="bbox 265 3432 1451 3503; baseline -0.002 -15"><span class='ocrx_word' id='word_1_285' title='bbox 265 3435 309 3488; x_wconf 88' lang='grc' dir='ltr'>νδν</span> <span class='ocrx_word' id='word_1_286' title='bbox 326 3432 462 3503; x_wconf 79' lang='grc' dir='ltr'>πόλεμον),</span> <span class='ocrx_word' id='word_1_287' title='bbox 534 3438 567 3484; x_wconf 71' lang='grc' dir='ltr'>ευ</span> <span class='ocrx_word' id='word_1_288' title='bbox 586 3435 663 3486; x_wconf 87' lang='lat' dir='ltr'><strong>Prior</strong></span> <span class='ocrx_word' id='word_1_289' title='bbox 680 3433 746 3498; x_wconf 81' lang='lat' dir='ltr'><strong>tegis</strong></span> <span class='ocrx_word' id='word_1_290' title='bbox 764 3447 826 3500; x_wconf 84' lang='lat' dir='ltr'><strong>pers</strong></span> <span class='ocrx_word' id='word_1_291' title='bbox 847 3433 944 3499; x_wconf 84' lang='lat' dir='ltr'><strong>(usque</strong></span> <span class='ocrx_word' id='word_1_292' title='bbox 956 3435 990 3485; x_wconf 86' lang='lat' dir='ltr'><strong>ed</strong></span> <span class='ocrx_word' id='word_1_293' title='bbox 1003 3447 1030 3486; x_wconf 84' lang='lat' dir='ltr'>v.</span> <span class='ocrx_word' id='word_1_294' title='bbox 1045 3437 1087 3498; x_wconf 84' lang='lat' dir='ltr'><strong>et)</strong></span> <span class='ocrx_word' id='word_1_295' title='bbox 1109 3435 1144 3486; x_wconf 85' lang='lat' dir='ltr'><strong>ed</strong></span> <span class='ocrx_word' id='word_1_296' title='bbox 1162 3448 1208 3486; x_wconf 86' lang='lat' dir='ltr'>ees</span> <span class='ocrx_word' id='word_1_297' title='bbox 1226 3437 1360 3500; x_wconf 77' lang='lat' dir='ltr'><strong>pecunias</strong></span> <span class='ocrx_word' id='word_1_298' title='bbox 1377 3449 1451 3502; x_wconf 85' lang='lat' dir='ltr'><strong>speo-</strong></span> 
     </span>
     <span class='ocr_line' id='line_1_30' title="bbox 266 3515 1513 3588; baseline 0 -16"><span class='ocrx_word' id='word_1_299' title='bbox 266 3525 312 3582; x_wconf 84' lang='lat' dir='ltr'><strong>tet,</strong></span> <span class='ocrx_word' id='word_1_300' title='bbox 332 3533 402 3586; x_wconf 89' lang='lat' dir='ltr'><strong>quoe</strong></span> <span class='ocrx_word' id='word_1_301' title='bbox 420 3522 474 3571; x_wconf 85' lang='lat' dir='ltr'><strong>iem</strong></span> <span class='ocrx_word' id='word_1_302' title='bbox 492 3525 556 3571; x_wconf 88' lang='lat' dir='ltr'><strong>ente</strong></span> <span class='ocrx_word' id='word_1_303' title='bbox 573 3520 676 3570; x_wconf 88' lang='lat' dir='ltr'><strong>betium</strong></span> <span class='ocrx_word' id='word_1_304' title='bbox 695 3519 876 3570; x_wconf 75' lang='lat' dir='ltr'>debebantur.</span> <span class='ocrx_word' id='word_1_305' title='bbox 913 3519 991 3571; x_wconf 85' lang='lat' dir='ltr'><strong>Nune</strong></span> <span class='ocrx_word' id='word_1_306' title='bbox 1008 3521 1043 3571; x_wconf 91' lang='lat' dir='ltr'><strong>de</strong></span> <span class='ocrx_word' id='word_1_307' title='bbox 1061 3521 1101 3572; x_wconf 89' lang='lat' dir='ltr'><strong>eis</strong></span> <span class='ocrx_word' id='word_1_308' title='bbox 1119 3521 1255 3584; x_wconf 76' lang='lat' dir='ltr'><strong>statuitur,</strong></span> <span class='ocrx_word' id='word_1_309' title='bbox 1276 3533 1347 3585; x_wconf 79' lang='lat' dir='ltr'><strong>quoe</strong></span> <span class='ocrx_word' id='word_1_310' title='bbox 1365 3525 1452 3587; x_wconf 81' lang='lat' dir='ltr'><strong>poster</strong></span> <span class='ocrx_word' id='word_1_311' title='bbox 1512 3515 1513 3588; x_wconf 75' lang='grc' dir='ltr'>ί</span> 
     </span>
     <span class='ocr_line' id='line_1_31' title="bbox 265 3593 1513 3671; baseline -0.002 -14"><span class='ocrx_word' id='word_1_312' title='bbox 265 3606 376 3657; x_wconf 87' lang='lat' dir='ltr'><strong>demum</strong></span> <span class='ocrx_word' id='word_1_313' title='bbox 395 3608 505 3657; x_wconf 75' lang='lat' dir='ltr'><strong>mutuae</strong></span> <span class='ocrx_word' id='word_1_314' title='bbox 524 3609 645 3671; x_wconf 80' lang='lat' dir='ltr'><strong>sumptos</strong></span> <span class='ocrx_word' id='word_1_315' title='bbox 665 3607 727 3658; x_wconf 84' lang='lat' dir='ltr'><strong>sint.</strong></span> <span class='ocrx_word' id='word_1_316' title='bbox 766 3606 803 3656; x_wconf 79' lang='grc' dir='ltr'>λα</span> <span class='ocrx_word' id='word_1_317' title='bbox 822 3604 886 3656; x_wconf 87' lang='lat' dir='ltr'><strong>belii</strong></span> <span class='ocrx_word' id='word_1_318' title='bbox 904 3605 1016 3670; x_wconf 85' lang='lat' dir='ltr'><strong>quidem</strong></span> <span class='ocrx_word' id='word_1_319' title='bbox 1035 3606 1143 3656; x_wconf 87' lang='lat' dir='ltr'><strong>initium</strong></span> <span class='ocrx_word' id='word_1_320' title='bbox 1162 3617 1177 3655; x_wconf 82' lang='grc' dir='ltr'>ε</span> <span class='ocrx_word' id='word_1_321' title='bbox 1196 3619 1289 3657; x_wconf 88' lang='lat' dir='ltr'><strong>mense</strong></span> <span class='ocrx_word' id='word_1_322' title='bbox 1308 3607 1452 3658; x_wconf 83' lang='lat' dir='ltr'><strong>Posideooe</strong></span> <span class='ocrx_word' id='word_1_323' title='bbox 1512 3593 1513 3662; x_wconf 71' lang='grc' dir='ltr'>ί</span> 
     </span>
     <span class='ocr_line' id='line_1_32' title="bbox 265 3691 1513 3758; baseline 0 -16"><span class='ocrx_word' id='word_1_324' title='bbox 265 3693 312 3758; x_wconf 88' lang='lat' dir='ltr'>qui</span> <span class='ocrx_word' id='word_1_325' title='bbox 331 3691 381 3742; x_wconf 86' lang='lat' dir='ltr'><strong>tuit</strong></span> <span class='ocrx_word' id='word_1_326' title='bbox 393 3692 541 3756; x_wconf 80' lang='lat' dir='ltr'><strong>Demegore</strong></span> <span class='ocrx_word' id='word_1_327' title='bbox 554 3695 667 3756; x_wconf 81' lang='lat' dir='ltr'><strong>prytene</strong></span> <span class='ocrx_word' id='word_1_328' title='bbox 686 3693 826 3756; x_wconf 86' lang='lat' dir='ltr'><strong>repetitur.</strong></span> <span class='ocrx_word' id='word_1_329' title='bbox 853 3691 1028 3742; x_wconf 77' lang='lat' dir='ltr'><strong>incommode</strong></span> <span class='ocrx_word' id='word_1_330' title='bbox 1045 3691 1152 3752; x_wconf 77' lang='lat' dir='ltr'><strong>oceidit,</strong></span> <span class='ocrx_word' id='word_1_331' title='bbox 1173 3691 1247 3756; x_wconf 87' lang='lat' dir='ltr'><strong>quod</strong></span> <span class='ocrx_word' id='word_1_332' title='bbox 1265 3705 1356 3758; x_wconf 86' lang='lat' dir='ltr'><strong>neque</strong></span> <span class='ocrx_word' id='word_1_333' title='bbox 1376 3693 1451 3743; x_wconf 88' lang='lat' dir='ltr'><strong>huius</strong></span> <span class='ocrx_word' id='word_1_334' title='bbox 1512 3727 1513 3734; x_wconf 31' lang='grc' dir='ltr'>ι</span> 
     </span>
     <span class='ocr_line' id='line_1_33' title="bbox 265 3776 1513 3842; baseline 0 -16"><span class='ocrx_word' id='word_1_335' title='bbox 265 3789 355 3841; x_wconf 87' lang='lat' dir='ltr'><strong>neque</strong></span> <span class='ocrx_word' id='word_1_336' title='bbox 378 3777 503 3841; x_wconf 82' lang='grc' dir='ltr'>λμοΙίεο,</span> <span class='ocrx_word' id='word_1_337' title='bbox 531 3776 631 3839; x_wconf 79' lang='lat' dir='ltr'><strong>Donet,</strong></span> <span class='ocrx_word' id='word_1_338' title='bbox 658 3777 824 3826; x_wconf 83' lang='lat' dir='ltr'><strong>Mentieretts</strong></span> <span class='ocrx_word' id='word_1_339' title='bbox 850 3777 885 3836; x_wconf 80' lang='lat' dir='ltr'>(v.</span> <span class='ocrx_word' id='word_1_340' title='bbox 901 3779 1000 3830; x_wconf 76' lang='lat' dir='ltr'><strong>estu.</strong></span> <span class='ocrx_word' id='word_1_341' title='bbox 1016 3777 1115 3837; x_wconf 60' lang='lat' dir='ltr'><strong>tutu)</strong></span> <span class='ocrx_word' id='word_1_342' title='bbox 1141 3779 1288 3842; x_wconf 80' lang='lat' dir='ltr'><strong>prytanum</strong></span> <span class='ocrx_word' id='word_1_343' title='bbox 1311 3780 1377 3828; x_wconf 86' lang='lat' dir='ltr'><strong>enni</strong></span> <span class='ocrx_word' id='word_1_344' title='bbox 1400 3777 1452 3828; x_wconf 85' lang='lat' dir='ltr'><strong>noti</strong></span> <span class='ocrx_word' id='word_1_345' title='bbox 1512 3789 1513 3840; x_wconf 55' lang='grc'>;</span> 
     </span>
     <span class='ocr_line' id='line_1_34' title="bbox 264 3861 1513 3932; baseline -0.002 -19"><span class='ocrx_word' id='word_1_346' title='bbox 264 3864 336 3914; x_wconf 88' lang='lat' dir='ltr'><strong>sunt.</strong></span> <span class='ocrx_word' id='word_1_347' title='bbox 374 3862 404 3913; x_wconf 89' lang='lat' dir='ltr'>id</span> <span class='ocrx_word' id='word_1_348' title='bbox 424 3867 514 3912; x_wconf 85' lang='lat' dir='ltr'><strong>temen</strong></span> <span class='ocrx_word' id='word_1_349' title='bbox 533 3863 646 3927; x_wconf 86' lang='lat' dir='ltr'><strong>spperet</strong></span> <span class='ocrx_word' id='word_1_350' title='bbox 664 3861 839 3924; x_wconf 77' lang='lat' dir='ltr'><strong>Demegoree,</strong></span> <span class='ocrx_word' id='word_1_351' title='bbox 860 3861 1034 3924; x_wconf 79' lang='lat' dir='ltr'><strong>Mentiorstis,</strong></span> <span class='ocrx_word' id='word_1_352' title='bbox 1058 3861 1168 3927; x_wconf 75' lang='lat' dir='ltr'><strong>Apuliae</strong></span> <span class='ocrx_word' id='word_1_353' title='bbox 1186 3875 1272 3913; x_wconf 88' lang='lat' dir='ltr'><strong>eunos</strong></span> <span class='ocrx_word' id='word_1_354' title='bbox 1291 3861 1343 3914; x_wconf 87' lang='lat' dir='ltr'>hoo</span> <span class='ocrx_word' id='word_1_355' title='bbox 1361 3863 1452 3914; x_wconf 87' lang='lat' dir='ltr'><strong>ordine</strong></span> <span class='ocrx_word' id='word_1_356' title='bbox 1512 3913 1513 3932; x_wconf 34' lang='grc' dir='ltr'>γ</span> 
     </span>
     <span class='ocr_line' id='line_1_35' title="bbox 264 3935 1513 4012; baseline -0.002 -14"><span class='ocrx_word' id='word_1_357' title='bbox 264 3949 392 3998; x_wconf 75' lang='lat' dir='ltr'><strong>continue</strong></span> <span class='ocrx_word' id='word_1_358' title='bbox 410 3947 519 4011; x_wconf 83' lang='lat' dir='ltr'><strong>quidem</strong></span> <span class='ocrx_word' id='word_1_359' title='bbox 545 3948 616 3998; x_wconf 87' lang='lat' dir='ltr'><strong>serie</strong></span> <span class='ocrx_word' id='word_1_360' title='bbox 634 3959 663 3998; x_wconf 90' lang='lat' dir='ltr'><strong>se</strong></span> <span class='ocrx_word' id='word_1_361' title='bbox 681 3947 806 4012; x_wconf 77' lang='lat' dir='ltr'>excipere</span> <span class='ocrx_word' id='word_1_362' title='bbox 832 3947 868 4009; x_wconf 89' lang='lat' dir='ltr'>(v.</span> <span class='ocrx_word' id='word_1_363' title='bbox 882 3947 940 4009; x_wconf 80' lang='lat'><strong>98),</strong></span> <span class='ocrx_word' id='word_1_364' title='bbox 966 3947 1009 3997; x_wconf 84' lang='lat' dir='ltr'><strong>hie</strong></span> <span class='ocrx_word' id='word_1_365' title='bbox 1032 3945 1160 3998; x_wconf 89' lang='lat' dir='ltr'><strong>omnibus</strong></span> <span class='ocrx_word' id='word_1_366' title='bbox 1184 3959 1250 3998; x_wconf 83' lang='lat' dir='ltr'><strong>vero</strong></span> <span class='ocrx_word' id='word_1_367' title='bbox 1273 3950 1450 3999; x_wconf 80' lang='lat' dir='ltr'><strong>recentiorem</strong></span> <span class='ocrx_word' id='word_1_368' title='bbox 1512 3935 1513 3960; x_wconf 44' lang='grc' dir='ltr'>ί</span> 
     </span>
     <span class='ocr_line' id='line_1_36' title="bbox 264 4031 1452 4096; baseline -0.003 -11"><span class='ocrx_word' id='word_1_369' title='bbox 264 4046 324 4085; x_wconf 87' lang='lat' dir='ltr'><strong>esse</strong></span> <span class='ocrx_word' id='word_1_370' title='bbox 344 4033 475 4096; x_wconf 85' lang='lat' dir='ltr'><strong>Densum,</strong></span> <span class='ocrx_word' id='word_1_371' title='bbox 505 4033 584 4083; x_wconf 91' lang='lat' dir='ltr'><strong>ouius</strong></span> <span class='ocrx_word' id='word_1_372' title='bbox 610 4045 681 4082; x_wconf 85' lang='lat' dir='ltr'><strong>enno</strong></span> <span class='ocrx_word' id='word_1_373' title='bbox 709 4031 776 4081; x_wconf 84' lang='lat' dir='ltr'><strong>heeo</strong></span> <span class='ocrx_word' id='word_1_374' title='bbox 803 4032 846 4082; x_wconf 85' lang='lat' dir='ltr'><strong>tex</strong></span> <span class='ocrx_word' id='word_1_375' title='bbox 873 4031 924 4082; x_wconf 85' lang='lat' dir='ltr'><strong>lete</strong></span> <span class='ocrx_word' id='word_1_376' title='bbox 943 4035 986 4083; x_wconf 82' lang='lat' dir='ltr'><strong>est</strong></span> <span class='ocrx_word' id='word_1_377' title='bbox 1005 4033 1040 4095; x_wconf 85' lang='lat' dir='ltr'>(v.</span> <span class='ocrx_word' id='word_1_378' title='bbox 1056 4035 1110 4095; x_wconf 75' lang='lat' dir='ltr'><strong>tt).</strong></span> <span class='ocrx_word' id='word_1_379' title='bbox 1147 4033 1332 4083; x_wconf 82' lang='lat' dir='ltr'><strong>Mentioretem</strong></span> <span class='ocrx_word' id='word_1_380' title='bbox 1358 4035 1385 4084; x_wconf 91' lang='lat' dir='ltr'><strong>et</strong></span> <span class='ocrx_word' id='word_1_381' title='bbox 1402 4033 1452 4082; x_wconf 88' lang='lat' dir='ltr'><strong>De·</strong></span> 
     </span>
     <span class='ocr_line' id='line_1_37' title="bbox 264 4115 1513 4182; baseline 0.001 -13"><span class='ocrx_word' id='word_1_382' title='bbox 264 4133 346 4170; x_wconf 89' lang='lat' dir='ltr'><strong>neum</strong></span> <span class='ocrx_word' id='word_1_383' title='bbox 366 4119 449 4168; x_wconf 86' lang='lat' dir='ltr'><strong>etiem</strong></span> <span class='ocrx_word' id='word_1_384' title='bbox 467 4119 495 4167; x_wconf 88' lang='lat' dir='ltr'>iu</span> <span class='ocrx_word' id='word_1_385' title='bbox 514 4119 633 4168; x_wconf 85' lang='lat' dir='ltr'><strong>nummis</strong></span> <span class='ocrx_word' id='word_1_386' title='bbox 651 4117 830 4182; x_wconf 84' lang='lat' dir='ltr'><strong>Ephesiorum</strong></span> <span class='ocrx_word' id='word_1_387' title='bbox 857 4117 984 4180; x_wconf 83' lang='lat' dir='ltr'><strong>(Mionuet</strong></span> <span class='ocrx_word' id='word_1_388' title='bbox 1006 4117 1099 4182; x_wconf 87' lang='lat' dir='ltr'><strong>suppl.</strong></span> <span class='ocrx_word' id='word_1_389' title='bbox 1125 4119 1160 4168; x_wconf 87' lang='lat' dir='ltr'>vi</span> <span class='ocrx_word' id='word_1_390' title='bbox 1185 4131 1211 4168; x_wconf 83' lang='lat' dir='ltr'>n.</span> <span class='ocrx_word' id='word_1_391' title='bbox 1232 4119 1291 4168; x_wconf 80' lang='lat' dir='ltr'><strong>tet.</strong></span> <span class='ocrx_word' id='word_1_392' title='bbox 1314 4123 1372 4170; x_wconf 82' lang='lat' dir='ltr'><strong>teo.</strong></span> <span class='ocrx_word' id='word_1_393' title='bbox 1393 4115 1450 4178; x_wconf 79' lang='lat' dir='ltr'><strong>eet)</strong></span> <span class='ocrx_word' id='word_1_394' title='bbox 1512 4121 1513 4170; x_wconf 83' lang='lat' dir='ltr'><strong>i</strong></span> 
     </span>
     <span class='ocr_line' id='line_1_38' title="bbox 264 4175 1513 4267; baseline -0.001 -15"><span class='ocrx_word' id='word_1_395' title='bbox 264 4205 379 4254; x_wconf 87' lang='lat' dir='ltr'><strong>inveniri</strong></span> <span class='ocrx_word' id='word_1_396' title='bbox 398 4205 505 4254; x_wconf 86' lang='lat' dir='ltr'><strong>monuit</strong></span> <span class='ocrx_word' id='word_1_397' title='bbox 523 4203 552 4252; x_wconf 89' lang='lat' dir='ltr'>D.</span> <span class='ocrx_word' id='word_1_398' title='bbox 592 4203 629 4252; x_wconf 86' lang='lat' dir='ltr'><strong>De</strong></span> <span class='ocrx_word' id='word_1_399' title='bbox 647 4203 808 4267; x_wconf 80' lang='lat' dir='ltr'><strong>prytanibus</strong></span> <span class='ocrx_word' id='word_1_400' title='bbox 820 4201 1000 4267; x_wconf 83' lang='lat' dir='ltr'><strong>Ephesiorum</strong></span> <span class='ocrx_word' id='word_1_401' title='bbox 1019 4205 1161 4267; x_wconf 82' lang='lat' dir='ltr'><strong>eponymis</strong></span> <span class='ocrx_word' id='word_1_402' title='bbox 1179 4203 1253 4254; x_wconf 88' lang='lat' dir='ltr'><strong>idem</strong></span> <span class='ocrx_word' id='word_1_403' title='bbox 1271 4205 1402 4267; x_wconf 83' lang='lat' dir='ltr'><strong>prouooet</strong></span> <span class='ocrx_word' id='word_1_404' title='bbox 1419 4201 1451 4251; x_wconf 81' lang='lat' dir='ltr'><strong>ed</strong></span> <span class='ocrx_word' id='word_1_405' title='bbox 1512 4175 1513 4202; x_wconf 40' lang='grc' dir='ltr'>ί</span> 
     </span>
     <span class='ocr_line' id='line_1_39' title="bbox 263 4287 1451 4354; baseline -0.003 -15"><span class='ocrx_word' id='word_1_406' title='bbox 263 4288 446 4352; x_wconf 80' lang='lat' dir='ltr'><strong>Weddingtou</strong></span> <span class='ocrx_word' id='word_1_407' title='bbox 466 4287 543 4353; x_wconf 86' lang='lat' dir='ltr'><strong>Expt.</strong></span> <span class='ocrx_word' id='word_1_408' title='bbox 564 4289 613 4338; x_wconf 89' lang='lat' dir='ltr'><strong>des</strong></span> <span class='ocrx_word' id='word_1_409' title='bbox 632 4289 715 4342; x_wconf 81' lang='lat' dir='ltr'><strong>Insor.</strong></span> <span class='ocrx_word' id='word_1_410' title='bbox 735 4288 826 4338; x_wconf 82' lang='lat' dir='ltr'><strong>d&#39;iisie</strong></span> <span class='ocrx_word' id='word_1_411' title='bbox 845 4289 968 4338; x_wconf 89' lang='lat' dir='ltr'><strong>mineure</strong></span> <span class='ocrx_word' id='word_1_412' title='bbox 987 4301 1014 4354; x_wconf 89' lang='lat' dir='ltr'>p.</span> <span class='ocrx_word' id='word_1_413' title='bbox 1030 4291 1072 4339; x_wconf 77' lang='lat' dir='ltr'><strong>et.</strong></span> <span class='ocrx_word' id='word_1_414' title='bbox 1167 4293 1198 4338; x_wconf 77' lang='lat'>27</span> <span class='ocrx_word' id='word_1_415' title='bbox 1218 4289 1319 4341; x_wconf 81' lang='lat' dir='ltr'><strong>contre</strong></span> <span class='ocrx_word' id='word_1_416' title='bbox 1335 4291 1362 4339; x_wconf 88' lang='lat' dir='ltr'>iu</span> <span class='ocrx_word' id='word_1_417' title='bbox 1382 4290 1451 4340; x_wconf 86' lang='lat' dir='ltr'><strong>snti-</strong></span> 
     </span>
     <span class='ocr_line' id='line_1_40' title="bbox 263 4371 1513 4439; baseline -0.003 -15"><span class='ocrx_word' id='word_1_418' title='bbox 263 4373 406 4438; x_wconf 89' lang='lat' dir='ltr'><strong>quioribus</strong></span> <span class='ocrx_word' id='word_1_419' title='bbox 424 4373 524 4425; x_wconf 87' lang='lat' dir='ltr'><strong>debitis</strong></span> <span class='ocrx_word' id='word_1_420' title='bbox 541 4373 743 4425; x_wconf 79' lang='lat' dir='ltr'><strong>aestimandum</strong></span> <span class='ocrx_word' id='word_1_421' title='bbox 761 4377 812 4434; x_wconf 86' lang='lat' dir='ltr'><strong>est,</strong></span> <span class='ocrx_word' id='word_1_422' title='bbox 831 4375 925 4439; x_wconf 85' lang='lat' dir='ltr'><strong>quenti</strong></span> <span class='ocrx_word' id='word_1_423' title='bbox 944 4371 1027 4425; x_wconf 86' lang='lat' dir='ltr'><strong>tuerit</strong></span> <span class='ocrx_word' id='word_1_424' title='bbox 1044 4373 1144 4425; x_wconf 79' lang='lat' dir='ltr'><strong>fundus</strong></span> <span class='ocrx_word' id='word_1_425' title='bbox 1165 4373 1298 4438; x_wconf 76' lang='lat' dir='ltr'><strong>obligatus</strong></span> <span class='ocrx_word' id='word_1_426' title='bbox 1317 4379 1377 4425; x_wconf 86' lang='lat' dir='ltr'><strong>ente</strong></span> <span class='ocrx_word' id='word_1_427' title='bbox 1396 4372 1451 4422; x_wconf 87' lang='lat' dir='ltr'><strong>bet·</strong></span> <span class='ocrx_word' id='word_1_428' title='bbox 1512 4421 1513 4430; x_wconf 58' lang='grc'>,</span> 
     </span>
    </p>
   </div>
   <div class='ocr_carea' id='block_1_4' title="bbox 263 4458 444 4522">
    <p class='ocr_par' dir='ltr' id='par_1_7' title="bbox 263 4458 444 4522">
     <span class='ocr_line' id='line_1_41' title="bbox 263 4458 444 4522; baseline 0.006 -14"><span class='ocrx_word' id='word_1_429' title='bbox 263 4458 318 4509; x_wconf 87' lang='lat' dir='ltr'>lum</span> <span class='ocrx_word' id='word_1_430' title='bbox 340 4459 377 4522; x_wconf 88' lang='lat' dir='ltr'>(v.</span> <span class='ocrx_word' id='word_1_431' title='bbox 392 4461 444 4522; x_wconf 78' lang='lat' dir='ltr'><strong>tt).</strong></span> 
     </span>
    </p>
   </div>
   <div class='ocr_carea' id='block_1_5' title="bbox 0 0 1546 5052">
    <p class='ocr_par' dir='ltr' id='par_1_8' title="bbox 0 0 1546 5052">
     <span class='ocr_line' id='line_1_42' title="bbox 0 0 1546 5052; baseline 0 0"><span class='ocrx_word' id='word_1_432' title='bbox 0 0 1546 5052; x_wconf 95' lang='lat' dir='ltr'> </span> 
     </span>
    </p>
   </div>
  </div>
 </body>
</html>
