3138 5050
244 275 308 322 vm
757 255 908 312 Praelatio.

243 433 394 513 apparet,
427 449 461 494 v.
486 433 504 491 4
527 445 590 494 non
612 422 831 512 Ἀθανοδώρου,
857 427 916 493 red
938 423 1126 514 Μηνοδώρου
1156 429 1323 514 perspicue
1347 429 1430 494 scri-

243 559 333 637 ptum
356 570 439 618 esse.

328 676 432 742 Notae
452 681 485 740 et
498 673 690 758 compendia
705 674 882 759 scripturae
897 677 1014 760 quibus
1028 695 1106 744 usus
1121 696 1192 742 sum
1206 677 1240 742 in
1262 695 1426 742 commen-

242 800 334 880 tario,
350 799 458 866 omnia
473 796 631 864 eiusmodi
645 805 728 878 sunt,
748 804 784 864 ut
798 800 1013 884 explicatione
1031 821 1094 866 non
1109 807 1237 884 egeant.
1263 799 1302 866 In
1315 800 1426 866 titulc-
1539 841 1540 844 =

242 943 313 990 rum
328 923 436 989 verbis
447 923 582 988 usitatas
596 920 727 1005 quidem
740 921 970 1008 distinctiones,
986 943 1118 1006 comma,
1136 925 1237 1006 colon,
1257 927 1420 1008 punctum,

241 1047 336 1134 posui
350 1047 532 1130 ubicunque
548 1047 782 1114 enuntiatorum
799 1053 958 1113 structura
979 1049 1177 1132 postulabat.
1209 1047 1301 1126 Quae
1316 1056 1424 1115 autem

242 1178 412 1256 praetcrea
431 1170 483 1236 bic
506 1178 682 1252 occurrunt,
709 1170 810 1236 veluti
832 1197 899 1234 =:
929 1179 936 1250 ξ
967 1177 1010 1254 '::‘‚
1036 1191 1076 1237 ea
1099 1173 1133 1238 in
1154 1171 1235 1258 ipsis
1258 1173 1425 1258 lapidibus

241 1295 289 1360 sic
314 1294 418 1361 incisa
453 1313 526 1360 esse
561 1294 726 1361 sciendum
757 1301 818 1360 est.
874 1295 974 1361 Uncis
1006 1315 1084 1361 usus
1117 1316 1188 1362 sum
1221 1296 1420 1380 triplicibus:

242 1417 408 1500 quadratis
441 1419 466 1502 l]
500 1417 694 1484 circumdedi
723 1437 934 1502 quaecunque
966 1419 1094 1485 litterae
1135 1427 1336 1486 evanuerunt
1368 1428 1425 1486 aut

242 1542 351 1626 lapide
366 1542 467 1608 fracto
483 1541 655 1628 perierunt,
674 1539 713 1630 <>
730 1563 813 1626 quae
829 1543 862 1608 in
885 1542 995 1628 lapide
1011 1563 1179 1628 perperam
1194 1543 1307 1609 addita
1330 1551 1419 1622 sunt;

241 1667 387 1732 rotundis
417 1665 557 1748 denique
581 1669 602 1749 l)
627 1674 659 1733 et
686 1686 769 1748 quae
795 1686 901 1732 errore
930 1668 1050 1732 omissa
1077 1672 1167 1749 sunt,
1199 1686 1297 1750 quum
1327 1666 1424 1732 scribi

242 1787 404 1870 deberent,
431 1797 464 1856 ct
484 1811 568 1873 quae
592 1798 648 1856 aut
670 1791 712 1856 ab
735 1789 940 1874 quadratario
962 1789 1034 1875 ipso
1048 1809 1113 1856 non
1135 1797 1221 1856 reete
1243 1791 1345 1857 incisa
1367 1801 1425 1858 aut

241 1911 283 1976 ab
307 1911 354 1977 eis
382 1913 496 1994 quibus
525 1913 611 1978 tituli
632 1913 778 1979 notitiam
800 1911 955 1980 debemus
976 1933 1040 1979 non
1061 1920 1148 1979 recte
1176 1921 1311 2000 excepta
1335 1922 1421 1981 sunt.
1539 1991 1540 1994 Ἴ

239 2037 346 2119 Atque
367 2037 449 2124 haee
471 2037 601 2120 quidem
624 2037 687 2104 duc
702 2057 823 2122 genera
845 2057 984 2104 errorum
999 2057 1127 2123 semper
1148 2039 1182 2104 in
1197 2041 1424 2107 commentario

241 2168 392 2228 accurate
418 2160 618 2244 indicantum
652 2181 710 2226 eoo
737 2181 813 2228 vero
843 2162 972 2228 litterae
997 2181 1081 2244 quae
1114 2161 1302 2248 simpliciter
1331 2165 1423 2232 uncis
1539 2161 1540 2246 ζ

242 2285 387 2351 rotundis
409 2286 641 2371 circumscripsi
657 2287 725 2350 sine
741 2283 957 2366 adnotatione,
983 2285 1017 2350 in
1040 2284 1150 2370 lapide
1173 2306 1278 2369 neque
1293 2294 1423 2354 exstant
1539 2311 1540 2390 ᾗ

241 2429 346 2492 neque
369 2430 509 2493 uuquam
532 2411 670 2495 scriptae
693 2409 832 2475 luerunt.

327 2531 515 2630 Scribebam
537 2534 630 2600 Halis
653 2533 814 2600 Saxonum

369 2657 471 2724 Nonis
493 2657 729 2726 Novembribus
751 2657 1079 2724 Mnooouxxxur.

854 2865 1049 2935 Guilelmus
1071 2866 1332 2949 liittenberger.
