3086 5066
113 335 174 396 444)
590 335 620 382 ll.
644 333 696 382 1144
714 345 814 382 444444.
1228 331 1290 392 603

110 542 188 624 [--
202 534 388 622 Meso-fliium³
399 533 577 624 Μενάνδρου
605 533 692 601 Ἐπὶ
708 531 971 623 ‘Eppoptsou8
992 530 1046 600 444
1069 523 1199 620 {petivere

111 645 208 727 4444)·
236 642 361 725 mione
380 636 536 727 Ἀδελφαῖς
608 636 689 704 Ἐπὶ
704 633 1028 724 lippeta‘pasroci·
1051 641 1221 722 44444444·
1239 651 1269 700 14

111 741 200 828 4444·
229 745 358 826 n---k
608 738 818 830 sptlumputolc
836 737 1081 826 ’Acculeltoptvet
1104 741 1239 808 liceant·

112 883 270 897 -------
278 846 447 912 Auxentiou
607 867 696 931 ποη·
719 840 1095 932 ’eliphan-„xiim

110 948 286 1034 [unc-n]
307 974 348 1015 ων
608 945 692 1033 {seqe-
706 985 985 999 ............
986 951 993 1032 l

111 1091 128 1102 .
134 1089 247 1103 .....
250 1049 415 1138 pop...

111 1299 182 1363 petri
208 1297 382 1364 superstitem
407 1295 498 1348 tuisse.
535 1297 572 1348 114
598 1311 663 1348 suno
690 1299 809 1349 extremo
837 1299 896 1348 eius
925 1297 995 1347 vitee
1023 1298 1142 1363 tempore
1162 1297 1291 1348 1411444414

111 1388 199 1436 sctum
218 1397 278 1436 esse
297 1383 360 1434 4444
377 1381 533 1447 collegeris,
562 1383 635 1449 quod
659 1385 686 1434 in
705 1382 781 1434 titulo
802 1385 850 1434 444
870 1395 1003 1448 nusquam
1023 1383 1082 1433 eius
1101 1395 1199 1434 nomon
1217 1397 1292 1433 com-

112 1473 198 1535 peret.
236 1470 265 1520 li.
337 1473 352 1520 4
371 1469 513 1520 Decretum
531 1469 629 1533 synodi
647 1467 761 1519 eliculus
780 1469 832 1520 hoc
851 1469 981 1520 archonte
1000 1468 1099 1520 lectum
1118 1469 1203 1519 hebes
1221 1468 1249 1519 c.
1271 1471 1289 1519 1.

110 1557 164 1608 1144.
185 1557 208 1606 11
228 1557 285 1607 444.
359 1559 374 1605 s
393 1554 565 1608 Plebiscitum
584 1569 647 1606 cum
666 1555 747 1605 huius
765 1553 902 1606 4441444444
920 1555 1029 1606 nomine
1047 1557 1134 1606 exstet
1151 1555 1180 1608 C.
1202 1555 1222 1606 l.
1239 1555 1290 1607 1144.

114 1643 135 1690 11
156 1643 216 1692 444.
339 1647 369 1693 44
390 1643 426 1694 lte
444 1641 590 1708 Posidippo
608 1640 643 1694 cl.
664 1641 830 1692 1141441441.
851 1639 881 1690 C.
900 1642 911 1690 l
929 1655 956 1706 p.
978 1643 1036 1692 444.
1073 1633 1291 1709 Ἀποιλειομίνης

111 1725 219 1778 tabulae
237 1725 387 1792 lregmente
405 1727 517 1779 collecte
536 1729 598 1778 sunt
615 1726 688 1794 opud
705 1725 823 1778 eundem
841 1726 876 1776 lV
894 1739 920 1790 p.
941 1729 1000 1778 444.

198 2015 268 2085 409
304 2021 526 2102 Fragmentum
564 2019 707 2084 eiusdem
745 2019 888 2100 tabulae,
931 2041 949 2082 e
986 2019 1097 2082 dextre
1134 2019 1293 2101 attingens

110 2143 143 2186 n.
165 2125 238 2184 448.
270 2121 329 2185 Ed.
355 2123 488 2185 Kochler
510 2123 684 2188 1444414444
706 2123 886 2187 4144141444.
911 2123 950 2184 ill
979 2120 1082 2205 (4878)
1110 2144 1141 2206 p.
1164 2125 1223 2184 448
1240 2143 1289 2204 sq.

110 2223 308 2288 liumenudis
326 2218 487 2310 Ἀθηναίου
511 2227 548 2290 Vl
571 2248 602 2309 p.
623 2225 684 2288 l78
707 2246 740 2288 n.
760 2227 790 2288 4.
810 2227 840 2287 4.

754 2512 848 2602 [444
877 2513 1088 2603 Καβεῆριχοςῦ

196 2613 589 2704 [Ἐ44----παλαιᾶι]·
755 2615 969 2706 [Ἐπῂῄένῂςθ
992 2619 1199 2706 Λυτρουμένωι

179 2843 235 2894 1144
253 2842 433 2908 iregmentum
451 2859 466 2897 4
485 2845 593 2896 sinistre
613 2847 742 2910 ettingere
760 2859 786 2895 n.
803 2847 851 2895 444
866 2847 910 2908 444,
930 2849 961 2896 44
979 2847 1082 2912 integro
1101 2843 1190 2910 lepide
1209 2844 1291 2895 huius

110 2929 239 2981 columne
257 2931 332 2995 prior
350 2928 422 2981 illius
440 2931 617 2995 posteriorem
641 2929 714 2982 nulle
731 2930 782 2982 eliu
805 2931 944 2982 interiectu
962 2935 1054 2983 secute
1073 2933 1154 2994 esset,
1174 2929 1290 2980 11441414-

114 3027 163 3066 444
181 3015 291 3081 collegit
308 3027 370 3065 cum
389 3015 468 3078 inde,
494 3015 568 3082 quod
592 3018 638 3081 qni
662 3019 724 3068 4444
748 3017 829 3068 huius
853 3018 986 3068 sinistrum
1009 3017 1163 3068 columnam
1187 3019 1292 3067 4444441

108 3113 240 3152 versuum
259 3101 328 3152 4444
345 3103 566 3153 commodissime
583 3103 783 3167 coniunguntur
795 3115 858 3154 cum
871 3103 944 3154 illius
963 3103 1087 3156 versibus
1103 3105 1212 3164 14-44,
1234 3104 1290 3153 tum

108 3201 142 3237 ex
165 3187 225 3250 ipso
250 3189 419 3251 argumento.
456 3187 526 3240 Num
549 3200 612 3239 cum
636 3191 746 3240 omnino
764 3188 797 3240 44
816 3190 955 3254 antiquius
974 3192 1079 3255 tompus
1097 3192 1221 3254 spectare
1241 3191 1290 3239 444

108 3285 191 3338 quem
218 3273 266 3321 444
291 3285 325 3323 ex
348 3274 388 3324 eis
412 3286 483 3338 quee
508 3273 652 3340 utrobique
675 3275 709 3326 de
728 3277 876 3327 Peremono
900 3277 978 3340 poete
1001 3277 1102 3342 scripte
1120 3275 1292 3326 inveniuntur

108 3358 174 3420 (not.
195 3359 220 3420 4)
242 3359 395 3410 necessario
413 3357 570 3423 colligetur,
595 3363 652 3410 tum
675 3373 729 3412 non
752 3373 880 3425 megnum
904 3373 964 3412 4444
982 3362 1076 3412 4444444
1094 3361 1240 3412 discrimen
1259 3374 1290 3410 44

107 3443 222 3505 docent,
245 3442 279 3494 44
302 3443 404 3509 quibus
422 3444 477 3496 dixi
496 3445 530 3496 44
549 3457 575 3495 4.
598 3448 647 3496 444
666 3449 722 3498 444.
742 3449 767 3496 4.
790 3451 813 3497 4.
852 3447 937 3512 litque
955 3445 1085 3498 inuitem
1109 3445 1220 3512 quidem
1244 3458 1291 3496 co-

106 3529 201 3581 lumne
213 3529 260 3594 qui
273 3533 468 3582 enumerentur
480 3530 623 3584 archontes
636 3543 699 3583 cum
716 3531 808 3598 peullo
826 3535 888 3597 post
906 3535 955 3582 444
974 3545 999 3585 4.
1020 3531 1082 3583 chr.
1102 3533 1129 3582 in
1148 3533 1290 3596 megisti-n-

108 3619 139 3666 tu
166 3614 248 3667 luisse
275 3619 381 3667 4444444
411 3617 453 3680 (cl.
473 3619 529 3668 not.
549 3617 586 3681 4),
615 3619 828 3668 consentaneum
855 3620 897 3669 est
925 3617 1045 3684 priorem
1067 3619 1102 3668 44
1126 3631 1211 3669 44444
1234 3617 1289 3668 1444

107 3703 243 3750 444-444
261 3713 286 3752 4,
307 3701 369 3753 Chr.
390 3705 511 3768 specture
532 3701 575 3767 (41.
596 3705 652 3754 444.
672 3703 707 3766 1),
745 3703 774 3753 14.
859 3707 869 3752 4
892 3703 923 3756 A.
943 3704 1062 3755 Dumont
1079 3703 1170 3755 Festos
1188 3707 1291 3770 44444-

106 3787 214 3852 miqnes
232 3787 258 3837 ‹t'
275 3787 394 3840 Atheneo
411 3801 438 3855 p.
460 3793 491 3839 44
510 3788 658 3841 Xenoclem
677 3789 771 3854 paucis
788 3791 850 3854 post
869 3791 917 3840 444
937 3803 961 3840 4.
982 3789 1044 3841 chr.
1063 3791 1140 3840 44444
1158 3791 1185 3840 44
1203 3791 1290 3854 megi-

105 3875 196 3923 stretn
208 3871 291 3924 tuisse
304 3875 428 3926 coniecit.
455 3875 531 3935 Quod
545 3875 571 3925 ln
586 3875 668 3926 huius
686 3877 759 3926 certe
779 3873 848 3926 tituli
861 3875 1020 3927 archontom
1033 3889 1086 3926 non
1100 3875 1223 3941 quadret,
1245 3877 1292 3940 qui

105 3958 210 4010 ultimis
221 3959 312 4024 potius
325 3961 396 4012 tertii
408 3974 434 4011 4.
449 3959 513 4012 Chr.
527 3960 628 4012 4444414
641 3963 718 4012 44444
730 3963 888 4026 magistratu
904 3959 1012 4013 functus
1024 3964 1074 4012 est.
1135 3963 1292 4014 41444444-

105 4057 159 4095 nus
168 4043 220 4096 sub
233 4046 324 4111 ipsum
336 4049 444 4112 tempus
456 4045 647 4113 Dionysiorum
660 4051 783 4099 mortuns
795 4047 913 4109 uidetur,
928 4051 956 4098 ut
968 4043 1132 4100 4444441444
1145 4050 1286 4100 etiamtum

105 4132 133 4180 in
152 4143 182 4181 se
200 4133 364 4198 susciperet,
391 4133 437 4184 sed
458 4145 521 4184 cum
540 4131 629 4185 lebule
648 4137 773 4199 ageretur
791 4133 845 4185 iem
864 4135 1003 4199 superstes
1020 4147 1073 4186 non
1093 4137 1174 4187 esset.
1200 4133 1291 4186 'lertio

104 4229 178 4267 enno
195 4219 257 4269 ente
278 4220 314 4282 (u.
329 4219 370 4281 44)
389 4217 469 4270 elium
488 4217 606 4270 14441444
624 4221 651 4270 44
670 4233 796 4271 44444444
819 4220 939 4272 dederet.
978 4221 1065 4285 Atque
1083 4234 1146 4271 cum
1166 4223 1194 4272 in
1214 4221 1292 4273 titulo

106 4305 155 4353 444
174 4304 227 4354 col.
247 4305 269 4356 ll
288 4308 303 4356 4
323 4306 388 4355 item
407 4306 478 4357 44444
494 4307 587 4370 postus
606 4307 763 4370 superstites
781 4309 1016 4370 conmemoretur,
1037 4307 1159 4372 sequitur
1175 4310 1206 4358 ut
1224 4307 1291 4360 41144

105 4388 285 4454 lrsgmentum
303 4391 355 4442 hoc
372 4393 510 4456 antiquins
528 4393 571 4443 sit.
644 4395 657 4440 4
678 4391 718 4443 Ct.
735 4391 804 4444 lust.
839 4391 878 4444 lix
890 4391 943 4444 hec
961 4391 1048 4445 lebule
1067 4407 1162 4445 versus
1179 4393 1291 4446 4444444

104 4489 119 4526 4
133 4475 242 4534 Polluce
254 4477 301 4544 114,
317 4481 357 4542 tlt,
372 4477 418 4530 ubi
432 4478 544 4550 pluralis
555 4473 684 4540 ΑΙτωλοῐς
697 4480 756 4532 4444
768 4480 851 4536 dubio
862 4479 964 4534 librarii
977 4482 1060 4532 errori
1069 4479 1230 4535 tribuendus
1238 4483 1288 4540 est.
