3084 5052
238 312 301 374 476
746 311 811 362 Pers
829 309 923 361 altere.
1103 343 1109 351 -
1371 311 1431 374 [444

323 513 588 702 ίὲίίονγραφοίι
627 539 982 702 theomachiam
1021 539 1087 702 τὲρς
1120 615 1301 702 λιθίνηςῖ
1347 514 1430 689 roJ'tJJe
1532 569 1533 636 J

328 719 561 804 κρεμαστοῖς
583 713 1431 804 σκειίεοιν31ΕὗθοδόμοοΔηρητρίουΜελι-

325 822 441 903 atiud,
469 820 642 893 Φίλωνος
661 816 930 906 Ἐξηκεστίδου
948 816 1219 886 Ἐλεοσινίοοίι
1532 825 1533 852 J

247 996 373 1004 ..ι’-.-

236 1147 239 1152 ,
308 1097 424 1147 Litterae
442 1095 564 1160 volgares
582 1095 729 1160 dispositae
748 1092 891 1166 στοιχηδόν.
965 1100 975 1143 4
999 1095 1058 1146 Νοιι
1071 1098 1180 1161 pactum
1194 1097 1285 1160 ipsum
1303 1095 1349 1144 hic
1362 1095 1431 1159 lapis

239 1182 366 1244 continet,
386 1181 434 1232 sed
453 1181 525 1244 leges
543 1193 613 1245 quae
631 1181 790 1232 scribuntur
808 1183 847 1230 eis
865 1182 912 1245 qui
930 1181 1050 1244 singulas
1066 1183 1156 1246 operis
1167 1184 1259 1245 partes
1271 1179 1433 1234 efficiendas

239 1265 400 1319 conducent.
475 1269 490 1315 4
503 1265 591 1316 Etiam
603 1267 742 1330 antiquins
753 1267 993 1317 armamentarium
1012 1263 1040 1333 (ἡ
1053 1262 1149 1336 ἀρχαία
1160 1262 1309 1334 σκευοθήκη
1321 1266 1431 1318 Βοοοιιιι

238 1351 437 1412 8444414.Χ44,
457 1353 517 1414 4441
537 1353 596 1402 sine
614 1351 699 1403 dubio
718 1351 855 1416 lapideum
874 1355 947 1415 erat,
972 1351 1021 1404 sed
1047 1365 1134 1416 οιιιιιιι
1156 1353 1216 1402 eiua
1240 1352 1357 1416 spatium
1377 1364 1431 1402 non

237 1438 355 1503 amplius
377 1436 528 1497 sufficeret,
555 1438 581 1486 io
605 1439 758 1502 praesentia
787 1436 890 1502 aliquot
913 1437 1122 1488 armamentaria
1145 1438 1234 1502 lignea
1260 1433 1432 1505 (σιιεοοίιῆκαι

238 1520 335 1584 ξύλιναι
354 1520 468 1574 σκεύεσιν
487 1521 597 1592 τριήροιν
616 1523 727 1574 Seenrk.
742 1523 808 1586 ch,
824 1523 865 1585 471
886 1525 1023 1574 exstructa
1042 1527 1128 1584 erant,
1148 1523 1197 1573 sed
1215 1522 1314 1574 deinde
1333 1523 1433 1574 decre·
1532 1523 1533 1528 ’

239 1613 296 1660 tum
314 1611 355 1660 est
373 1612 404 1658 ut
421 1620 523 1658 novum
541 1611 568 1657 et
587 1607 671 1657 multo
690 1607 807 1671 amplius
830 1610 943 1673 antiqno
961 1608 1008 1659 lllo
1026 1621 1060 1658 ex
1077 1607 1167 1673 lapide
1185 1607 1276 1670 lieret,
1301 1609 1337 1660 ad
1355 1610 1432 1674 qnod

237 1695 284 1745 hio
303 1695 397 1744 titulus
414 1695 528 1758 spectet.
559 1691 636 1752 Quod
655 1705 709 1757 quo
727 1695 849 1758 tempore
868 1697 1035 1745 exstructum
1053 1696 1096 1754 sit,
1117 1693 1227 1746 delinita
1245 1695 1357 1759 quidem
1376 1707 1432 1745 non

237 1779 361 1830 traditur.
387 1778 441 1829 Sed
458 1791 492 1829 ex
509 1779 587 1829 titulo
606 1781 666 1840 444,
686 1780 717 1826 44
735 1779 862 1828 ridemus
881 1781 1010 1843 pecunias
1027 1781 1055 1829 ln
1073 1780 1212 1830 navalium
1230 1785 1258 1830 at
1274 1793 1434 1832 armamen-

238 1865 299 1916 tarii
316 1863 532 1915 aedificationem
550 1863 663 1914 collatas
687 1875 748 1914 esse
772 1863 835 1914 inde
860 1861 1076 1916 n'lhemistccle
1101 1866 1231 1916 archonte
1251 1865 1300 1928 (Ol.
1323 1869 1383 1926 444,
1406 1870 1431 1919 4.

238 1948 314 2017 44414
332 1965 357 2006 a.
377 1951 452 2012 Chr.)
472 1961 560 2015 usque
585 1949 619 2001 ad
638 1948 853 2014 Cephisodorum
882 1949 930 2012 104.
952 1951 1010 2012 444,
1032 1953 1057 2000 4.
1078 1951 1154 2016 44414
1172 1963 1198 2000 a.
1218 1950 1303 2013 Chul.
1343 1951 1433 2016 Atque

184 2063 188 2070 »
238 2039 296 2103 ipso
313 2036 502 2086 Themistoclis
521 2049 591 2086 anno
610 2035 721 2085 comitia
746 2035 773 2084 in
792 2035 902 2085 Piraeeo
927 2034 1018 2084 habite
1037 2048 1111 2097 esse,
1137 2035 1237 2101 quibus
1258 2033 1388 2104 περὶτῶν
1406 2035 1434 2088 ἑν

236 2126 292 2180 τοῖς
321 2119 435 2190 νεωρίοις
464 2122 671 2183 deliberaretur,
703 2121 776 2185 apud
803 2121 1014 2172 Demosthenem
1038 2121 1117 2184 XlX,
1140 2125 1171 2170 44
1198 2121 1322 2185 legimus.
1360 2121 1434 2172 Tum

238 2207 553 2262 ePhiloneoralionem
577 2204 697 2256 habitam
715 2207 794 2257 cuius
818 2205 891 2271 apud
914 2206 1076 2256 Ciceronem
1099 2206 1134 2256 de
1157 2211 1224 2257 orat.
1246 2208 1265 2267 ι,
1288 2209 1329 2268 44,
1351 2211 1385 2257 44
1405 2211 1434 2258 et
1532 2257 1533 2264 ,

236 2295 375 2347 Valerium
394 2294 540 2344 Maximum
559 2293 629 2355 Vlll,
650 2295 692 2353 44,
713 2295 729 2340 4
748 2291 849 2343 ιιισιιιιο
867 2290 945 2341 lieret
962 2293 1080 2342 coniecit
1098 2293 1125 2342 F.
1162 2291 1220 2344 Non
1246 2292 1337 2343 minna
1366 2305 1432 2342 cum
1532 2335 1533 2360 ,

236 2381 280 2432 illa
299 2380 428 2444 temporis
446 2377 603 2428 definitione
622 2378 782 2438 convenire,
802 2378 876 2443 quod
903 2377 1000 2429 hesoh.
1020 2379 1067 2438 ιιι,
1094 2382 1126 2427 44
1145 2378 1249 2430 diceret
1266 2376 1301 2427 ab
1320 2377 1432 2430 liubula
1532 2389 1533 2442 1

237 2467 343 2518 navalia
361 2469 388 2516 et
406 2464 647 2514 armamentarium
665 2467 801 2515 exstructa
820 2477 890 2516 esse.
917 2464 956 2514 Ol.
973 2468 1032 2523 444,
1053 2468 1068 2512 4
1090 2459 1174 2531 144414
1188 2478 1213 2514 a.
1227 2463 1300 2526 Chr.)
1321 2467 1434 2516 utrum·
1532 2443 1533 2482 J

237 2566 290 2618 qne
308 2550 465 2602 aedilicium
484 2551 537 2600 iam
557 2549 716 2600 incohatum
734 2549 831 2613 luisse,
858 2549 906 2601 sed
930 2556 1041 2616 propter
1058 2549 1161 2600 bellum
1180 2549 1365 2600 Demosthene
1385 2563 1434 2601 ro·
1532 2543 1533 2624 J

238 2641 316 2704 ganta
342 2634 559 2687 aedificationem
583 2635 779 2700 aliquantisper
803 2636 987 2687 intermissam
1010 2649 1068 2686 esse
1092 2639 1200 2687 constat
1222 2647 1255 2685 en
1272 2635 1433 2686 Philochori
1532 2685 1533 2708 3

237 2725 270 2776 ir.
292 2726 341 2772 444
361 2723 398 2786 (F.
420 2721 452 2771 ll.
473 2721 503 2770 G.
524 2722 533 2770 l
552 2734 578 2785 p.
595 2721 662 2783 4441.
699 2722 788 2784 Atque
812 2721 847 2772 ita
871 2725 944 2772 recte
969 2721 996 2771 in
1019 2723 1129 2772 decreto
1149 2721 1293 2771 honorario
1311 2723 1435 2786 Lycurgi
1532 2741 1533 2782 3

238 2811 315 2876 (Plut.
342 2809 406 2860 vlit.
429 2807 455 2857 X
479 2819 519 2858 or.
545 2819 571 2869 p.
593 2807 678 2856 4444.
716 2805 756 2856 Cl.
776 2820 802 2856 n.
825 2809 883 2868 444,
905 2807 947 2870 441
973 2807 1105 2872 seriptum
1124 2817 1184 2858 esse
1202 2806 1264 2878 πρὸς
1283 2803 1311 2856 δὲ
1329 2802 1434 2864 cedmae

235 2895 379 2964 ἡμίεργα
396 2887 592 2958 παραλαβὼν
609 2889 669 2949 τούς
686 2907 714 2942 τι
731 2889 882 2950 ventolano«
899 2889 944 2944 καί
960 2889 1008 2961 τὴν
1027 2887 1191 2960 σκευοθήκην
1214 2889 1303 2943 καὶτὸ
1322 2888 1434 2961 θέατρον
1532 2937 1533 2960 ,

235 2982 264 3034 τὸ
283 2975 447 3033 Διονυσιακὸν
467 2972 630 3046 ἐξηργάσατο.
655 2977 749 3041 Neque
769 2980 911 3043 propterea
929 2979 994 3041 quia
1012 2978 1038 3027 in
1058 2977 1135 3027 tilulo
1154 2981 1204 3026 444
1223 2990 1310 3042 usque
1329 2977 1365 3028 ad
1379 2978 1434 3029 Ce-
1532 2963 1533 2978 ¹

236 3063 377 3132 phisodori
395 3075 497 3112 ennam
515 3063 661 3127 pensiones
679 3061 763 3112 lactea
782 3063 927 3122 dicuntur,
954 3061 1136 3114 dubitandum
1158 3067 1199 3114 ost
1221 3063 1288 3126 quin
1314 3076 1344 3113 re
1363 3076 1433 3114 vera

238 3153 377 3217 Lyeurgus
396 3148 442 3212 qui
461 3147 517 3198 lere
536 3151 585 3196 444
604 3161 628 3198 a.
649 3147 712 3200 Chr.
732 3147 858 3210 decessit,
878 3149 946 3198 haec
964 3147 1089 3200 aedilicia
1107 3149 1142 3199 ad
1160 3148 1242 3198 linem
1260 3147 1433 3213 perduxerit,

235 3237 344 3288 Etenim
358 3237 385 3284 in
400 3233 573 3284 traditionum
586 3233 677 3284 tabula
690 3233 763 3298 apud
776 3233 942 3283 Boeclrhium
955 3234 1068 3284 seeurlr.
1083 3236 1121 3286 Xl
1134 3238 1166 3284 44
1179 3239 1222 3286 eet
1232 3229 1304 3302 ἥλων
1318 3231 1433 3304 σιδηρῶν

236 3327 286 3374 τιῖιν
310 3319 362 3372 ἀπὸ
379 3325 427 3388 τῆς
446 3316 609 3387 σκευοθήκης
627 3318 890 3390 περιγενομένων
908 3325 1018 3383 καινῶν,
1045 3320 1119 3371 unde
1139 3320 1264 3372 videmus
1289 3321 1344 3370 iam
1371 3325 1433 3372 tum
1532 3315 1533 3366 ἶ

240 3407 288 3470 104.
305 3411 364 3466 444,
377 3411 401 3457 t.
418 3402 508 3474 444144
522 3419 547 3456 a.
562 3405 637 3468 Chr.)
657 3409 761 3455 tectum
780 3404 824 3468 (cl.
840 3418 864 3455 ν.
881 3409 923 3467 441
939 3405 1089 3470 perfectum
1103 3405 1194 3457 luisse.
1214 3406 1335 3470 Apparet
1348 3408 1434 3470 igitur

236 3493 296 3544 illas
319 3505 453 3542 annorum
471 3491 652 3555 posteriorum
670 3492 815 3556 pensiones
834 3492 870 3542 ita
895 3491 979 3542 lactes
997 3504 1067 3552 esse,
1096 3495 1127 3542 nt
1150 3503 1274 3542 summae
1299 3493 1328 3542 in
1348 3506 1435 3558 pree·
1532 3531 1533 3570 1

236 3580 323 3631 sentia
346 3591 378 3628 ex
401 3569 462 3627 ¹aliis
484 3575 600 3642 publicis
624 3579 671 3626 aut
695 3577 780 3628 sacris
798 3579 920 3641 pecuniis
939 3577 973 3628 ad
992 3574 1205 3628 exstructionem
1223 3579 1435 3630 armamentarii
1532 3579 1533 3632 l

236 3668 362 3728 erogatae
380 3664 600 3715 restituerentur.
626 3662 654 3711 i.
745 3666 758 3710 4
784 3662 888 3726 Ubique
910 3663 938 3712 in
956 3663 1041 3714 titulis
1058 3662 1204 3714 narelihus
1222 3663 1435 3727 distinguuntur
1532 3705 1533 3726 ,

236 3747 315 3817 σκεύη
334 3745 465 3818 κρεμαστὰ
482 3750 510 3798 ei
527 3745 622 3806 ξύλινα.
662 3745 711 3810 (Cl.
734 3750 793 3810 444,
814 3749 844 3796 tt
865 3747 934 3812 sqq.)
972 3749 1045 3799 llaec
1069 3749 1096 3798 in
1121 3749 1185 3814 ipsis
1205 3749 1320 3799 navibus
1339 3763 1435 3802 asser-

236 3836 292 3886 vari
311 3834 443 3897 solebant,
464 3833 517 3882 illis
535 3833 722 3884 custodiendis
735 3832 900 3884 inserviebat
912 3835 1162 3886 armamentarium.
1189 3833 1294 3884 Boeolrh
1314 3836 1434 3886 Seenrk.

237 3935 263 3986 ρ.
284 3925 327 3972 44.
413 3922 426 3969 4
440 3919 635 3983 'Euthydemus
648 3919 776 3969 Demetrii
790 3918 808 3969 l.
824 3919 971 3969 Melitensis
984 3923 1025 3969 est
1044 3920 1070 3968 in
1090 3920 1168 3970 titulo
1183 3920 1285 3970 Philist.
1301 3923 1310 3970 l
1324 3935 1350 3986 p.
1368 3927 1433 3984 444,

235 4019 318 4070 quem
343 4005 432 4056 medio
456 4007 553 4070 quarto
577 4018 602 4054 a.
623 4003 685 4055 Chr.
706 4003 816 4054 saeculo
834 4007 1013 4056 recentiorem
1032 4019 1085 4054 non
1109 4018 1169 4056 esse
1193 4007 1360 4071 scripturae
1381 4021 1436 4072 pro

236 4109 266 4142 ου
285 4091 386 4142 indicio
405 4095 455 4141 eet.
481 4091 509 4140 F.
599 4095 614 4140 4
632 4089 708 4140 Ριιίιο
727 4089 882 4142 Eleusinios
902 4089 1068 4141 trierarchus
1086 4097 1128 4141 est
1145 4091 1216 4156 apud
1236 4092 1343 4144 Boeclrh
1362 4093 1437 4144 See·
1532 4135 1533 4172 1

236 4177 296 4227 urk.
316 4179 372 4236 Xe,
395 4179 441 4226 444
465 4177 512 4240 104.
534 4180 593 4236 444,
615 4179 639 4226 4.
661 4173 732 4240 44414
756 4190 780 4226 a.
801 4177 887 4238 Chr).
925 4176 996 4226 lium
1014 4178 1133 4228 eundem
1153 4177 1235 4228 luisse
1253 4190 1317 4228 cum
1336 4178 1437 4228 archi·
1532 4181 1533 4246 1

236 4266 307 4314 tecto
326 4261 496 4312 nobilissimo
517 4261 621 4324 (Cicero
639 4263 667 4310 et
685 4261 741 4311 Val.
763 4263 831 4312 Max.
852 4261 870 4312 l.
891 4261 908 4310 l.
929 4260 1017 4312 Strah.
1045 4264 1081 4313 lX
1099 4277 1126 4328 p.
1148 4267 1207 4313 444.
1246 4265 1349 4314 vitruv.
1372 4265 1434 4325 vll,

237 4351 262 4398 8.
282 4346 351 4398 Plln.
365 4347 423 4408 Vll,
438 4351 469 4396 t'i
487 4349 548 4410 1441,
563 4350 621 4397 444.
643 4347 714 4401 Ριιιι,
730 4347 795 4398 Sull.
812 4350 853 4399 44.
873 4347 986 4414 llpplan.
1002 4349 1091 4400 Mithr.
1108 4351 1146 4412 441
1163 4361 1236 4400 nuno
1249 4349 1435 4418 intellegitur.
1532 4411 1533 4420 J

236 4433 264 4482 F.
291 4431 418 4482 Ceterum
441 4431 471 4482 C.
497 4433 519 4482 1.
544 4434 596 4482 Αιι.
616 4435 639 4483 ll
660 4437 719 4496 447,
741 4435 772 4482 44
791 4433 857 4483 item
876 4435 986 4484 nomina
1003 4435 1137 4500 quaedam
1155 4436 1279 4499 genetivo
1298 4448 1365 4486 casu
1386 4437 1437 4486 in·
1532 4431 1533 4502 5
