<?xml version="1.0" encoding="UTF-8"?>
<!DOCTYPE html PUBLIC "-//W3C//DTD XHTML 1.0 Transitional//EN"
    "http://www.w3.org/TR/xhtml1/DTD/xhtml1-transitional.dtd">
<html xmlns="http://www.w3.org/1999/xhtml" xml:lang="en" lang="en">
 <head>
  <title>
</title>
<meta http-equiv="Content-Type" content="text/html;charset=utf-8" />
  <meta name='ocr-system' content='tesseract 3.04.00' />
  <meta name='ocr-capabilities' content='ocr_page ocr_carea ocr_par ocr_line ocrx_word'/>
</head>
<body>
  <div class='ocr_page' id='page_1' title='image "./syllogeinscript01dittgoog_0125.png"; bbox 0 0 3110 5056; ppageno 0'>
   <div class='ocr_carea' id='block_1_1' title="bbox 126 290 1318 360">
    <p class='ocr_par' dir='ltr' id='par_1_1' title="bbox 126 290 1318 360">
     <span class='ocr_line' id='line_1_1' title="bbox 126 290 1318 360; baseline 0.008 -20"><span class='ocrx_word' id='word_1_1' title='bbox 126 292 169 355; x_wconf 79' lang='lat' dir='ltr'><strong>to]</strong></span> <span class='ocrx_word' id='word_1_2' title='bbox 251 293 283 342; x_wconf 92' lang='lat' dir='ltr'><strong>ll.</strong></span> <span class='ocrx_word' id='word_1_3' title='bbox 315 290 409 342; x_wconf 81' lang='lat' dir='ltr'><strong>Alina</strong></span> <span class='ocrx_word' id='word_1_4' title='bbox 428 291 491 342; x_wconf 92' lang='lat' dir='ltr'><strong>belli</strong></span> <span class='ocrx_word' id='word_1_5' title='bbox 512 293 730 358; x_wconf 74' lang='lat' dir='ltr'><strong>Peloponnesiaci</strong></span> <span class='ocrx_word' id='word_1_6' title='bbox 751 295 785 346; x_wconf 89' lang='lat' dir='ltr'><strong>ed</strong></span> <span class='ocrx_word' id='word_1_7' title='bbox 804 293 946 348; x_wconf 75' lang='lat' dir='ltr'>Alexandri</span> <span class='ocrx_word' id='word_1_8' title='bbox 965 297 1050 360; x_wconf 84' lang='lat' dir='ltr'><strong>lingui</strong></span> <span class='ocrx_word' id='word_1_9' title='bbox 1071 301 1194 350; x_wconf 85' lang='lat' dir='ltr'><strong>mortem.</strong></span> <span class='ocrx_word' id='word_1_10' title='bbox 1259 302 1318 360; x_wconf 82' lang='lat'><strong>105</strong></span> 
     </span>
    </p>
   </div>
   <div class='ocr_carea' id='block_1_2' title="bbox 123 495 1318 1190">
    <p class='ocr_par' dir='ltr' id='par_1_2' title="bbox 123 495 1318 1190">
     <span class='ocr_line' id='line_1_2' title="bbox 211 495 1317 583; baseline 0.003 -22"><span class='ocrx_word' id='word_1_11' title='bbox 211 495 259 561; x_wconf 80' lang='grc' dir='ltr'><strong>θθ</strong></span> <span class='ocrx_word' id='word_1_12' title='bbox 280 496 398 559; x_wconf 87' lang='lat' dir='ltr'><strong>Tabula</strong></span> <span class='ocrx_word' id='word_1_13' title='bbox 421 499 584 558; x_wconf 89' lang='lat' dir='ltr'><strong>marmoris</strong></span> <span class='ocrx_word' id='word_1_14' title='bbox 612 497 678 560; x_wconf 86' lang='lat' dir='ltr'><strong>albi</strong></span> <span class='ocrx_word' id='word_1_15' title='bbox 700 499 859 580; x_wconf 80' lang='lat' dir='ltr'><strong>utrimque</strong></span> <span class='ocrx_word' id='word_1_16' title='bbox 883 501 1048 581; x_wconf 87' lang='lat' dir='ltr'><strong>inscripta,</strong></span> <span class='ocrx_word' id='word_1_17' title='bbox 1082 503 1166 566; x_wconf 81' lang='lat' dir='ltr'><strong>inter·</strong></span> <span class='ocrx_word' id='word_1_18' title='bbox 1187 503 1317 583; x_wconf 81' lang='lat' dir='ltr'><strong>Olynthi</strong></span> 
     </span>
     <span class='ocr_line' id='line_1_3' title="bbox 126 599 1316 684; baseline 0.006 -24"><span class='ocrx_word' id='word_1_19' title='bbox 126 599 302 679; x_wconf 76' lang='lat' dir='ltr'><strong>parietinas</strong></span> <span class='ocrx_word' id='word_1_20' title='bbox 320 599 449 660; x_wconf 86' lang='lat' dir='ltr'><strong>inventa</strong></span> <span class='ocrx_word' id='word_1_21' title='bbox 464 599 672 662; x_wconf 87' lang='lat' dir='ltr'><strong>allilencvicc</strong></span> <span class='ocrx_word' id='word_1_22' title='bbox 680 601 962 680; x_wconf 86' lang='lat' dir='ltr'><strong>Thessalonicensi,</strong></span> <span class='ocrx_word' id='word_1_23' title='bbox 983 621 1123 684; x_wconf 80' lang='lat' dir='ltr'><strong>proxeno</strong></span> <span class='ocrx_word' id='word_1_24' title='bbox 1138 603 1316 684; x_wconf 81' lang='lat' dir='ltr'><strong>Austriaco,</strong></span> 
     </span>
     <span class='ocr_line' id='line_1_4' title="bbox 124 699 1317 787; baseline 0.003 -24"><span class='ocrx_word' id='word_1_25' title='bbox 124 710 224 781; x_wconf 89' lang='lat' dir='ltr'><strong>atque</strong></span> <span class='ocrx_word' id='word_1_26' title='bbox 252 699 469 762; x_wconf 68' lang='lat' dir='ltr'><strong>vindobonam</strong></span> <span class='ocrx_word' id='word_1_27' title='bbox 497 705 694 766; x_wconf 89' lang='lat' dir='ltr'><strong>transmissa.</strong></span> <span class='ocrx_word' id='word_1_28' title='bbox 747 701 828 765; x_wconf 85' lang='lat' dir='ltr'><strong>Edd.</strong></span> <span class='ocrx_word' id='word_1_29' title='bbox 857 705 885 764; x_wconf 90' lang='lat' dir='ltr'><strong>J.</strong></span> <span class='ocrx_word' id='word_1_30' title='bbox 910 701 1049 783; x_wconf 78' lang='lat' dir='ltr'><strong>Ameth,</strong></span> <span class='ocrx_word' id='word_1_31' title='bbox 1082 705 1317 787; x_wconf 89' lang='lat' dir='ltr'><strong>Bcschreibung</strong></span> 
     </span>
     <span class='ocr_line' id='line_1_5' title="bbox 124 801 1317 886; baseline 0.003 -22"><span class='ocrx_word' id='word_1_32' title='bbox 124 801 186 864; x_wconf 91' lang='lat' dir='ltr'><strong>der</strong></span> <span class='ocrx_word' id='word_1_33' title='bbox 212 821 284 864; x_wconf 84' lang='lat' dir='ltr'><strong>zum</strong></span> <span class='ocrx_word' id='word_1_34' title='bbox 312 803 344 864; x_wconf 83' lang='lat' dir='ltr'><strong>ls.</strong></span> <span class='ocrx_word' id='word_1_35' title='bbox 368 801 398 862; x_wconf 83' lang='lat' dir='ltr'><strong>lr.</strong></span> <span class='ocrx_word' id='word_1_36' title='bbox 430 803 546 864; x_wconf 78' lang='lat' dir='ltr'><strong>Muna-</strong></span> <span class='ocrx_word' id='word_1_37' title='bbox 575 803 642 867; x_wconf 93' lang='lat' dir='ltr'><strong>und</strong></span> <span class='ocrx_word' id='word_1_38' title='bbox 663 802 961 868; x_wconf 80' lang='lat' dir='ltr'><strong>Antikencabinotte</strong></span> <span class='ocrx_word' id='word_1_39' title='bbox 991 806 1162 886; x_wconf 86' lang='lat' dir='ltr'><strong>gehitrigen</strong></span> <span class='ocrx_word' id='word_1_40' title='bbox 1185 809 1317 870; x_wconf 89' lang='lat' dir='ltr'><strong>Statuen</strong></span> 
     </span>
     <span class='ocr_line' id='line_1_6' title="bbox 124 903 1318 986; baseline 0.002 -20"><span class='ocrx_word' id='word_1_41' title='bbox 124 924 158 966; x_wconf 92' lang='lat' dir='ltr'><strong>u.</strong></span> <span class='ocrx_word' id='word_1_42' title='bbox 186 923 211 966; x_wconf 88' lang='lat' dir='ltr'><strong>s.</strong></span> <span class='ocrx_word' id='word_1_43' title='bbox 238 923 281 966; x_wconf 86' lang='lat' dir='ltr'><strong>w.</strong></span> <span class='ocrx_word' id='word_1_44' title='bbox 321 903 512 966; x_wconf 82' lang='lat' dir='ltr'><strong>Wienllllb</strong></span> <span class='ocrx_word' id='word_1_45' title='bbox 542 923 574 984; x_wconf 95' lang='lat' dir='ltr'><strong>p.</strong></span> <span class='ocrx_word' id='word_1_46' title='bbox 593 907 633 966; x_wconf 81' lang='lat' dir='ltr'><strong>lb</strong></span> <span class='ocrx_word' id='word_1_47' title='bbox 664 925 696 968; x_wconf 92' lang='lat' dir='ltr'><strong>n.</strong></span> <span class='ocrx_word' id='word_1_48' title='bbox 722 907 797 968; x_wconf 76' lang='lat' dir='ltr'><strong>sic.</strong></span> <span class='ocrx_word' id='word_1_49' title='bbox 844 908 876 968; x_wconf 85' lang='lat' dir='ltr'><strong>F.</strong></span> <span class='ocrx_word' id='word_1_50' title='bbox 903 909 1068 986; x_wconf 88' lang='lat' dir='ltr'><strong>Wieselor,</strong></span> <span class='ocrx_word' id='word_1_51' title='bbox 1095 909 1237 970; x_wconf 91' lang='lat' dir='ltr'><strong>Bericbte</strong></span> <span class='ocrx_word' id='word_1_52' title='bbox 1261 907 1318 970; x_wconf 89' lang='lat' dir='ltr'><strong>der</strong></span> 
     </span>
     <span class='ocr_line' id='line_1_7' title="bbox 125 1005 1317 1090; baseline 0 -21"><span class='ocrx_word' id='word_1_53' title='bbox 125 1007 293 1086; x_wconf 81' lang='lat' dir='ltr'><strong>thtinger</strong></span> <span class='ocrx_word' id='word_1_54' title='bbox 315 1006 389 1068; x_wconf 86' lang='lat' dir='ltr'><strong>Ges.</strong></span> <span class='ocrx_word' id='word_1_55' title='bbox 414 1005 445 1067; x_wconf 91' lang='lat' dir='ltr'><strong>d.</strong></span> <span class='ocrx_word' id='word_1_56' title='bbox 472 1007 521 1068; x_wconf 90' lang='lat' dir='ltr'><strong>W.</strong></span> <span class='ocrx_word' id='word_1_57' title='bbox 549 1007 631 1068; x_wconf 80' lang='lat' dir='ltr'><strong>isti</strong></span> <span class='ocrx_word' id='word_1_58' title='bbox 662 1028 694 1088; x_wconf 92' lang='lat' dir='ltr'><strong>p.</strong></span> <span class='ocrx_word' id='word_1_59' title='bbox 721 1009 760 1070; x_wconf 73' lang='lat'><strong>22</strong></span> <span class='ocrx_word' id='word_1_60' title='bbox 784 1027 857 1090; x_wconf 88' lang='lat' dir='ltr'><strong>sqq.</strong></span> <span class='ocrx_word' id='word_1_61' title='bbox 906 1010 943 1070; x_wconf 89' lang='lat' dir='ltr'><strong>ll.</strong></span> <span class='ocrx_word' id='word_1_62' title='bbox 969 1011 1106 1090; x_wconf 81' lang='lat' dir='ltr'><strong>Sauppe,</strong></span> <span class='ocrx_word' id='word_1_63' title='bbox 1134 1009 1317 1090; x_wconf 89' lang='lat' dir='ltr'><strong>inscriptio-</strong></span> 
     </span>
     <span class='ocr_line' id='line_1_8' title="bbox 123 1105 1169 1190; baseline 0 -20"><span class='ocrx_word' id='word_1_64' title='bbox 123 1125 184 1170; x_wconf 87' lang='lat' dir='ltr'><strong>nes</strong></span> <span class='ocrx_word' id='word_1_65' title='bbox 205 1105 423 1170; x_wconf 73' lang='lat' dir='ltr'><strong>Macedonicae</strong></span> <span class='ocrx_word' id='word_1_66' title='bbox 446 1116 604 1187; x_wconf 88' lang='lat' dir='ltr'><strong>quattuor.</strong></span> <span class='ocrx_word' id='word_1_67' title='bbox 653 1111 806 1172; x_wconf 87' lang='lat' dir='ltr'><strong>Vimariae</strong></span> <span class='ocrx_word' id='word_1_68' title='bbox 832 1111 924 1172; x_wconf 74' lang='lat' dir='ltr'><strong>tait.</strong></span> <span class='ocrx_word' id='word_1_69' title='bbox 957 1131 989 1190; x_wconf 90' lang='lat' dir='ltr'><strong>p.</strong></span> <span class='ocrx_word' id='word_1_70' title='bbox 1017 1110 1055 1170; x_wconf 78' lang='lat' dir='ltr'><strong>tc</strong></span> <span class='ocrx_word' id='word_1_71' title='bbox 1080 1129 1112 1170; x_wconf 91' lang='lat' dir='ltr'><strong>n.</strong></span> <span class='ocrx_word' id='word_1_72' title='bbox 1138 1111 1169 1170; x_wconf 67' lang='grc' dir='ltr'><strong>θ.</strong></span> 
     </span>
    </p>
   </div>
   <div class='ocr_carea' id='block_1_3' title="bbox 182 1296 1316 2022">
    <p class='ocr_par' dir='ltr' id='par_1_3' title="bbox 182 1296 1316 2022">
     <span class='ocr_line' id='line_1_9' title="bbox 621 1296 822 1358; baseline 0.005 -1"><span class='ocrx_word' id='word_1_73' title='bbox 621 1299 696 1357; x_wconf 87' lang='lat' dir='ltr'><strong>oin</strong></span> <span class='ocrx_word' id='word_1_74' title='bbox 722 1296 822 1358; x_wconf 78' lang='lat' dir='ltr'><strong>fronte</strong></span> 
     </span>
     <span class='ocr_line' id='line_1_10' title="bbox 293 1407 1142 1498; baseline 0.002 -24"><span class='ocrx_word' id='word_1_75' title='bbox 293 1411 488 1494; x_wconf 82' lang='grc' dir='ltr'><strong>Συνθῆκαι</strong></span> <span class='ocrx_word' id='word_1_76' title='bbox 508 1408 598 1496; x_wconf 81' lang='grc' dir='ltr'>πρὸς</span> <span class='ocrx_word' id='word_1_77' title='bbox 618 1407 792 1496; x_wconf 75' lang='grc' dir='ltr'><strong>Ἀμύνταν</strong></span> <span class='ocrx_word' id='word_1_78' title='bbox 815 1409 873 1478; x_wconf 86' lang='grc' dir='ltr'><strong>τὸν</strong></span> <span class='ocrx_word' id='word_1_79' title='bbox 895 1409 1142 1498; x_wconf 63' lang='grc' dir='ltr'><strong>Ἐρριδσιίυλυ]Ι</strong></span> 
     </span>
     <span class='ocr_line' id='line_1_11' title="bbox 211 1525 1316 1616; baseline 0.008 -24"><span class='ocrx_word' id='word_1_80' title='bbox 211 1528 368 1614; x_wconf 77' lang='grc' dir='ltr'><strong>Συνθῆκαι</strong></span> <span class='ocrx_word' id='word_1_81' title='bbox 385 1525 526 1614; x_wconf 75' lang='grc' dir='ltr'><strong>Ἀμύνταν</strong></span> <span class='ocrx_word' id='word_1_82' title='bbox 546 1534 602 1595; x_wconf 82' lang='grc' dir='ltr'><strong>τῶι</strong></span> <span class='ocrx_word' id='word_1_83' title='bbox 620 1527 794 1616; x_wconf 79' lang='grc' dir='ltr'><strong>Ἐρριδαίαυ</strong></span> <span class='ocrx_word' id='word_1_84' title='bbox 813 1538 818 1613; x_wconf 90' lang='grc' dir='ltr'>Ι</span> <span class='ocrx_word' id='word_1_85' title='bbox 838 1530 889 1595; x_wconf 76' lang='grc' dir='ltr'><strong>καὶ</strong></span> <span class='ocrx_word' id='word_1_86' title='bbox 911 1528 1114 1596; x_wconf 81' lang='grc' dir='ltr'><strong>Χαλκιδεῦσι·</strong></span> <span class='ocrx_word' id='word_1_87' title='bbox 1139 1527 1316 1616; x_wconf 84' lang='grc' dir='ltr'>συμμάχους</span> 
     </span>
     <span class='ocr_line' id='line_1_12' title="bbox 182 1627 1310 1720; baseline -0.002 -26"><span class='ocrx_word' id='word_1_88' title='bbox 182 1629 342 1714; x_wconf 62' lang='grc' dir='ltr'><strong>5ιῖν[αι]21</strong></span> <span class='ocrx_word' id='word_1_89' title='bbox 364 1628 524 1717; x_wconf 78' lang='grc' dir='ltr'><strong>ἀλλήλοισι</strong></span> <span class='ocrx_word' id='word_1_90' title='bbox 551 1631 630 1697; x_wconf 79' lang='grc' dir='ltr'><strong>κατὰ</strong></span> <span class='ocrx_word' id='word_1_91' title='bbox 652 1627 765 1706; x_wconf 81' lang='grc' dir='ltr'><strong>πάντας</strong></span> <span class='ocrx_word' id='word_1_92' title='bbox 794 1628 972 1719; x_wconf 76' lang='grc' dir='ltr'><strong>ἀνθρώπους</strong></span> <span class='ocrx_word' id='word_1_93' title='bbox 993 1633 1003 1720; x_wconf 71' lang='lat' dir='ltr'><strong>{l</strong></span> <span class='ocrx_word' id='word_1_94' title='bbox 1022 1631 1092 1698; x_wconf 80' lang='grc' dir='ltr'><strong>ἔτεα</strong></span> <span class='ocrx_word' id='word_1_95' title='bbox 1117 1629 1310 1717; x_wconf 76' lang='grc' dir='ltr'><strong>πεντήκοντα,</strong></span> 
     </span>
     <span class='ocr_line' id='line_1_13' title="bbox 208 1729 1315 1820; baseline 0 -22"><span class='ocrx_word' id='word_1_96' title='bbox 208 1730 270 1817; x_wconf 79' lang='grc' dir='ltr'><strong>[ἐάν</strong></span> <span class='ocrx_word' id='word_1_97' title='bbox 292 1734 342 1815; x_wconf 71' lang='lat' dir='ltr'><strong>uk</strong></span> <span class='ocrx_word' id='word_1_98' title='bbox 365 1730 411 1798; x_wconf 83' lang='grc' dir='ltr'><strong>ἐπ’</strong></span> <span class='ocrx_word' id='word_1_99' title='bbox 435 1729 589 1820; x_wconf 63' lang='grc' dir='ltr'><strong>Ἀμύνλταν</strong></span> <span class='ocrx_word' id='word_1_100' title='bbox 612 1731 668 1819; x_wconf 82' lang='grc' dir='ltr'><strong>ἷηι,</strong></span> <span class='ocrx_word' id='word_1_101' title='bbox 694 1733 778 1817; x_wconf 66' lang='lat' dir='ltr'><strong>dorla</strong></span> <span class='ocrx_word' id='word_1_102' title='bbox 801 1731 912 1820; x_wconf 75' lang='grc' dir='ltr'><strong>ὁμοίως</strong></span> <span class='ocrx_word' id='word_1_103' title='bbox 935 1736 974 1818; x_wconf 79' lang='grc' dir='ltr'><strong>ἐμ</strong></span> <span class='ocrx_word' id='word_1_104' title='bbox 994 1736 1138 1819; x_wconf 68' lang='grc' dir='ltr'><strong>πλυλέμωι</strong></span> <span class='ocrx_word' id='word_1_105' title='bbox 1164 1733 1230 1818; x_wconf 77' lang='grc' dir='ltr'><strong>[καὶ]</strong></span> <span class='ocrx_word' id='word_1_106' title='bbox 1246 1735 1249 1816; x_wconf 76' lang='lat' dir='ltr'><strong>l</strong></span> <span class='ocrx_word' id='word_1_107' title='bbox 1267 1734 1315 1798; x_wconf 77' lang='grc' dir='ltr'><strong>ἐπὶ</strong></span> 
     </span>
     <span class='ocr_line' id='line_1_14' title="bbox 209 1831 1316 1922; baseline 0.001 -22"><span class='ocrx_word' id='word_1_108' title='bbox 209 1833 400 1919; x_wconf 58' lang='grc' dir='ltr'><strong>Χαλκιδέας,</strong></span> <span class='ocrx_word' id='word_1_109' title='bbox 427 1835 478 1900; x_wconf 81' lang='grc' dir='ltr'><strong>καλ</strong></span> <span class='ocrx_word' id='word_1_110' title='bbox 501 1833 554 1901; x_wconf 78' lang='grc' dir='ltr'><strong>ἐὰν</strong></span> <span class='ocrx_word' id='word_1_111' title='bbox 578 1833 631 1918; x_wconf 78' lang='grc' dir='ltr'>ἐπὶ]</span> <span class='ocrx_word' id='word_1_112' title='bbox 654 1833 835 1920; x_wconf 62' lang='grc' dir='ltr'><strong>Χαλκιδθας</strong></span> <span class='ocrx_word' id='word_1_113' title='bbox 853 1837 856 1922; x_wconf 69' lang='lat' dir='ltr'><strong>l</strong></span> <span class='ocrx_word' id='word_1_114' title='bbox 874 1835 934 1922; x_wconf 81' lang='grc' dir='ltr'><strong>ἴηι,</strong></span> <span class='ocrx_word' id='word_1_115' title='bbox 961 1836 1012 1901; x_wconf 83' lang='grc' dir='ltr'><strong>καλ</strong></span> <span class='ocrx_word' id='word_1_116' title='bbox 1035 1831 1094 1920; x_wconf 83' lang='grc' dir='ltr'>ἐπ’]</span> <span class='ocrx_word' id='word_1_117' title='bbox 1113 1831 1260 1922; x_wconf 59' lang='lat' dir='ltr'><strong>adlatae</strong></span> <span class='ocrx_word' id='word_1_118' title='bbox 1278 1839 1316 1920; x_wconf 83' lang='grc' dir='ltr'><strong>ἐμ</strong></span> 
     </span>
     <span class='ocr_line' id='line_1_15' title="bbox 209 1937 791 2022; baseline -0.003 -20"><span class='ocrx_word' id='word_1_119' title='bbox 209 1939 345 2022; x_wconf 78' lang='grc' dir='ltr'><strong>πολέμων</strong></span> <span class='ocrx_word' id='word_1_120' title='bbox 366 1937 442 2002; x_wconf 83' lang='grc' dir='ltr'>ἔστω</span> <span class='ocrx_word' id='word_1_121' title='bbox 448 1973 785 1987; x_wconf 88' lang='lat'>---------------</span> <span class='ocrx_word' id='word_1_122' title='bbox 785 1941 791 2014; x_wconf 76' lang='lat' dir='ltr'><strong>l</strong></span> 
     </span>
    </p>
   </div>
   <div class='ocr_carea' id='block_1_4' title="bbox 557 2125 875 2205">
    <p class='ocr_par' dir='ltr' id='par_1_4' title="bbox 557 2125 875 2205">
     <span class='ocr_line' id='line_1_16' title="bbox 557 2125 875 2205; baseline 0.009 -20"><span class='ocrx_word' id='word_1_123' title='bbox 557 2125 574 2185; x_wconf 92' lang='lat' dir='ltr'><strong>b</strong></span> <span class='ocrx_word' id='word_1_124' title='bbox 598 2128 631 2187; x_wconf 89' lang='lat' dir='ltr'><strong>in</strong></span> <span class='ocrx_word' id='word_1_125' title='bbox 653 2145 763 2188; x_wconf 83' lang='lat' dir='ltr'><strong>aversa</strong></span> <span class='ocrx_word' id='word_1_126' title='bbox 787 2136 875 2205; x_wconf 88' lang='lat' dir='ltr'><strong>parte</strong></span> 
     </span>
    </p>
   </div>
   <div class='ocr_carea' id='block_1_5' title="bbox 207 2254 1315 2447">
    <p class='ocr_par' dir='ltr' id='par_1_5' title="bbox 207 2254 1315 2447">
     <span class='ocr_line' id='line_1_17' title="bbox 209 2254 1315 2346; baseline -0.003 -22"><span class='ocrx_word' id='word_1_127' title='bbox 209 2255 379 2344; x_wconf 57' lang='grc' dir='ltr'><strong>ἑλίξαγωγήῧ</strong></span> <span class='ocrx_word' id='word_1_128' title='bbox 408 2254 435 2323; x_wconf 82' lang='grc' dir='ltr'><strong>δ’</strong></span> <span class='ocrx_word' id='word_1_129' title='bbox 468 2257 545 2322; x_wconf 86' lang='grc' dir='ltr'><strong>ἔστω</strong></span> <span class='ocrx_word' id='word_1_130' title='bbox 574 2258 625 2322; x_wconf 83' lang='grc' dir='ltr'><strong>καλ</strong></span> <span class='ocrx_word' id='word_1_131' title='bbox 652 2257 760 2344; x_wconf 74' lang='grc' dir='ltr'>πίσσης</span> <span class='ocrx_word' id='word_1_132' title='bbox 789 2260 839 2324; x_wconf 82' lang='grc' dir='ltr'><strong>καὶ</strong></span> <span class='ocrx_word' id='word_1_133' title='bbox 870 2255 974 2340; x_wconf 81' lang='grc' dir='ltr'><strong>ξύλων,</strong></span> <span class='ocrx_word' id='word_1_134' title='bbox 1000 2266 1005 2338; x_wconf 90' lang='grc' dir='ltr'>Ι</span> <span class='ocrx_word' id='word_1_135' title='bbox 1030 2259 1315 2346; x_wconf 71' lang='grc' dir='ltr'><strong>[υλίκυδυμισιηρίωμ</strong></span> 
     </span>
     <span class='ocr_line' id='line_1_18' title="bbox 207 2353 1313 2447; baseline 0 -22"><span class='ocrx_word' id='word_1_136' title='bbox 207 2357 337 2440; x_wconf 82' lang='grc' dir='ltr'><strong>πάντων,</strong></span> <span class='ocrx_word' id='word_1_137' title='bbox 364 2359 607 2444; x_wconf 66' lang='grc' dir='ltr'><strong>ναυπηγηλσίμων</strong></span> <span class='ocrx_word' id='word_1_138' title='bbox 638 2359 671 2424; x_wconf 83' lang='grc' dir='ltr'><strong>δὲ</strong></span> <span class='ocrx_word' id='word_1_139' title='bbox 693 2357 770 2444; x_wconf 77' lang='grc' dir='ltr'><strong>πλὴν</strong></span> <span class='ocrx_word' id='word_1_140' title='bbox 793 2362 955 2440; x_wconf 77' lang='grc' dir='ltr'><strong>ἐλατίνων,</strong></span> <span class='ocrx_word' id='word_1_141' title='bbox 980 2353 1026 2426; x_wconf 84' lang='grc' dir='ltr'><strong>θτι</strong></span> <span class='ocrx_word' id='word_1_142' title='bbox 1049 2357 1091 2446; x_wconf 78' lang='lat' dir='ltr'><strong>lp</strong></span> <span class='ocrx_word' id='word_1_143' title='bbox 1114 2359 1154 2446; x_wconf 74' lang='grc' dir='ltr'><strong>μὴ</strong></span> <span class='ocrx_word' id='word_1_144' title='bbox 1178 2359 1210 2426; x_wconf 87' lang='grc' dir='ltr'><strong>τὸ</strong></span> <span class='ocrx_word' id='word_1_145' title='bbox 1229 2363 1232 2447; x_wconf 69' lang='lat' dir='ltr'><strong>l</strong></span> <span class='ocrx_word' id='word_1_146' title='bbox 1249 2387 1313 2426; x_wconf 84' lang='grc' dir='ltr'><strong>κυι-</strong></span> 
     </span>
    </p>
   </div>
   <div class='ocr_carea' id='block_1_6' title="bbox 118 2598 1316 4446">
    <p class='ocr_par' dir='ltr' id='par_1_6' title="bbox 118 2598 1316 4446">
     <span class='ocr_line' id='line_1_19' title="bbox 192 2598 1314 2666; baseline 0.001 -15"><span class='ocrx_word' id='word_1_147' title='bbox 192 2603 354 2653; x_wconf 87' lang='lat' dir='ltr'><strong>hitteratura</strong></span> <span class='ocrx_word' id='word_1_148' title='bbox 373 2601 472 2650; x_wconf 89' lang='lat' dir='ltr'><strong>tonica.</strong></span> <span class='ocrx_word' id='word_1_149' title='bbox 509 2598 547 2650; x_wconf 90' lang='lat' dir='ltr'><strong>Do</strong></span> <span class='ocrx_word' id='word_1_150' title='bbox 565 2602 651 2650; x_wconf 88' lang='lat' dir='ltr'><strong>aetate</strong></span> <span class='ocrx_word' id='word_1_151' title='bbox 674 2601 714 2650; x_wconf 88' lang='lat' dir='ltr'><strong>sic</strong></span> <span class='ocrx_word' id='word_1_152' title='bbox 732 2601 826 2652; x_wconf 77' lang='lat' dir='ltr'><strong>statuit</strong></span> <span class='ocrx_word' id='word_1_153' title='bbox 849 2602 997 2666; x_wconf 84' lang='lat' dir='ltr'><strong>Ssupplus:</strong></span> <span class='ocrx_word' id='word_1_154' title='bbox 1018 2601 1161 2665; x_wconf 77' lang='lat' dir='ltr'><strong>Amyntam</strong></span> <span class='ocrx_word' id='word_1_155' title='bbox 1186 2613 1239 2652; x_wconf 88' lang='lat' dir='ltr'><strong>non</strong></span> <span class='ocrx_word' id='word_1_156' title='bbox 1263 2615 1314 2665; x_wconf 91' lang='lat' dir='ltr'><strong>po·</strong></span> 
     </span>
     <span class='ocr_line' id='line_1_20' title="bbox 119 2682 1314 2751; baseline -0.003 -13"><span class='ocrx_word' id='word_1_157' title='bbox 119 2687 205 2738; x_wconf 87' lang='lat' dir='ltr'><strong>luisse</strong></span> <span class='ocrx_word' id='word_1_158' title='bbox 223 2687 258 2737; x_wconf 88' lang='lat' dir='ltr'><strong>de</strong></span> <span class='ocrx_word' id='word_1_159' title='bbox 277 2685 385 2737; x_wconf 85' lang='lat' dir='ltr'><strong>loedere</strong></span> <span class='ocrx_word' id='word_1_160' title='bbox 403 2697 466 2735; x_wconf 91' lang='lat' dir='ltr'><strong>cum</strong></span> <span class='ocrx_word' id='word_1_161' title='bbox 484 2682 712 2736; x_wconf 78' lang='lat' dir='ltr'><strong>Chalcidensibus</strong></span> <span class='ocrx_word' id='word_1_162' title='bbox 729 2685 872 2749; x_wconf 87' lang='lat' dir='ltr'><strong>pangendo</strong></span> <span class='ocrx_word' id='word_1_163' title='bbox 891 2687 1009 2750; x_wconf 82' lang='lat' dir='ltr'><strong>cogitare</strong></span> <span class='ocrx_word' id='word_1_164' title='bbox 1031 2687 1083 2736; x_wconf 89' lang='lat' dir='ltr'><strong>nisi</strong></span> <span class='ocrx_word' id='word_1_165' title='bbox 1102 2686 1189 2750; x_wconf 90' lang='lat' dir='ltr'><strong>primo</strong></span> <span class='ocrx_word' id='word_1_166' title='bbox 1207 2687 1314 2751; x_wconf 90' lang='lat' dir='ltr'><strong>imperii</strong></span> 
     </span>
     <span class='ocr_line' id='line_1_21' title="bbox 118 2767 1316 2836; baseline -0.003 -14"><span class='ocrx_word' id='word_1_167' title='bbox 118 2785 193 2823; x_wconf 84' lang='lat' dir='ltr'><strong>anno</strong></span> <span class='ocrx_word' id='word_1_168' title='bbox 214 2772 262 2834; x_wconf 80' lang='lat' dir='ltr'><strong>(Ol.</strong></span> <span class='ocrx_word' id='word_1_169' title='bbox 285 2774 326 2832; x_wconf 75' lang='lat' dir='ltr'><strong>at,</strong></span> <span class='ocrx_word' id='word_1_170' title='bbox 348 2773 373 2820; x_wconf 80' lang='lat' dir='ltr'><strong>a.</strong></span> <span class='ocrx_word' id='word_1_171' title='bbox 394 2767 468 2836; x_wconf 79' lang='lat' dir='ltr'><strong>talla</strong></span> <span class='ocrx_word' id='word_1_172' title='bbox 488 2783 513 2818; x_wconf 91' lang='lat' dir='ltr'><strong>a.</strong></span> <span class='ocrx_word' id='word_1_173' title='bbox 527 2767 613 2831; x_wconf 72' lang='lat' dir='ltr'><strong>Chr).</strong></span> <span class='ocrx_word' id='word_1_174' title='bbox 639 2768 711 2820; x_wconf 88' lang='lat' dir='ltr'><strong>Nam</strong></span> <span class='ocrx_word' id='word_1_175' title='bbox 729 2782 800 2820; x_wconf 87' lang='lat' dir='ltr'><strong>anno</strong></span> <span class='ocrx_word' id='word_1_176' title='bbox 819 2774 868 2820; x_wconf 77' lang='lat' dir='ltr'><strong>aaa</strong></span> <span class='ocrx_word' id='word_1_177' title='bbox 887 2783 970 2835; x_wconf 84' lang='lat' dir='ltr'><strong>regno</strong></span> <span class='ocrx_word' id='word_1_178' title='bbox 988 2770 1098 2836; x_wconf 91' lang='lat' dir='ltr'><strong>pulsum</strong></span> <span class='ocrx_word' id='word_1_179' title='bbox 1116 2782 1176 2820; x_wconf 89' lang='lat' dir='ltr'><strong>csse</strong></span> <span class='ocrx_word' id='word_1_180' title='bbox 1195 2773 1222 2821; x_wconf 88' lang='lat' dir='ltr'><strong>et</strong></span> <span class='ocrx_word' id='word_1_181' title='bbox 1239 2772 1316 2834; x_wconf 90' lang='lat' dir='ltr'><strong>post-</strong></span> 
     </span>
     <span class='ocr_line' id='line_1_22' title="bbox 119 2851 1314 2921; baseline -0.002 -15"><span class='ocrx_word' id='word_1_182' title='bbox 119 2869 204 2921; x_wconf 89' lang='lat' dir='ltr'><strong>quam</strong></span> <span class='ocrx_word' id='word_1_183' title='bbox 222 2856 275 2907; x_wconf 93' lang='lat' dir='ltr'><strong>hoc</strong></span> <span class='ocrx_word' id='word_1_184' title='bbox 294 2857 490 2920; x_wconf 83' lang='lat' dir='ltr'><strong>recuperasset,</strong></span> <span class='ocrx_word' id='word_1_185' title='bbox 514 2851 616 2904; x_wconf 92' lang='lat' dir='ltr'><strong>bellum</strong></span> <span class='ocrx_word' id='word_1_186' title='bbox 636 2865 699 2904; x_wconf 87' lang='lat' dir='ltr'><strong>cum</strong></span> <span class='ocrx_word' id='word_1_187' title='bbox 718 2852 850 2919; x_wconf 83' lang='lat' dir='ltr'><strong>Olynthiis</strong></span> <span class='ocrx_word' id='word_1_188' title='bbox 875 2867 969 2919; x_wconf 90' lang='lat' dir='ltr'><strong>gerere</strong></span> <span class='ocrx_word' id='word_1_189' title='bbox 993 2857 1117 2906; x_wconf 88' lang='lat' dir='ltr'><strong>coactum</strong></span> <span class='ocrx_word' id='word_1_190' title='bbox 1140 2867 1200 2905; x_wconf 88' lang='lat' dir='ltr'><strong>esse</strong></span> <span class='ocrx_word' id='word_1_191' title='bbox 1224 2867 1314 2919; x_wconf 86' lang='lat' dir='ltr'><strong>neque</strong></span> 
     </span>
     <span class='ocr_line' id='line_1_23' title="bbox 119 2937 1311 3005; baseline -0.003 -14"><span class='ocrx_word' id='word_1_192' title='bbox 119 2953 244 3005; x_wconf 87' lang='lat' dir='ltr'><strong>unquam</strong></span> <span class='ocrx_word' id='word_1_193' title='bbox 268 2953 332 2990; x_wconf 85' lang='lat' dir='ltr'><strong>cum</strong></span> <span class='ocrx_word' id='word_1_194' title='bbox 357 2941 398 2990; x_wconf 89' lang='lat' dir='ltr'><strong>eis</strong></span> <span class='ocrx_word' id='word_1_195' title='bbox 415 2938 501 2990; x_wconf 79' lang='lat' dir='ltr'><strong>uideri</strong></span> <span class='ocrx_word' id='word_1_196' title='bbox 520 2938 547 2987; x_wconf 90' lang='lat' dir='ltr'><strong>in</strong></span> <span class='ocrx_word' id='word_1_197' title='bbox 566 2937 680 3003; x_wconf 88' lang='lat' dir='ltr'><strong>gratiam</strong></span> <span class='ocrx_word' id='word_1_198' title='bbox 703 2938 824 2990; x_wconf 91' lang='lat' dir='ltr'><strong>rediisse.</strong></span> <span class='ocrx_word' id='word_1_199' title='bbox 869 2941 902 2991; x_wconf 77' lang='lat' dir='ltr'><strong>nt</strong></span> <span class='ocrx_word' id='word_1_200' title='bbox 924 2940 1002 2991; x_wconf 92' lang='lat' dir='ltr'><strong>illum</strong></span> <span class='ocrx_word' id='word_1_201' title='bbox 1020 2941 1174 3004; x_wconf 79' lang='lat' dir='ltr'><strong>Amyntam,</strong></span> <span class='ocrx_word' id='word_1_202' title='bbox 1194 2941 1241 3003; x_wconf 90' lang='lat' dir='ltr'><strong>qui</strong></span> <span class='ocrx_word' id='word_1_203' title='bbox 1272 2939 1311 2989; x_wconf 90' lang='lat' dir='ltr'><strong>Ol.</strong></span> 
     </span>
     <span class='ocr_line' id='line_1_24' title="bbox 121 3023 1314 3090; baseline 0 -16"><span class='ocrx_word' id='word_1_204' title='bbox 121 3029 165 3088; x_wconf 78' lang='lat' dir='ltr'><strong>aa,</strong></span> <span class='ocrx_word' id='word_1_205' title='bbox 186 3029 200 3074; x_wconf 83' lang='lat' dir='ltr'><strong>t</strong></span> <span class='ocrx_word' id='word_1_206' title='bbox 220 3026 397 3088; x_wconf 80' lang='lat' dir='ltr'><strong>regnavisset,</strong></span> <span class='ocrx_word' id='word_1_207' title='bbox 417 3023 527 3075; x_wconf 90' lang='lat' dir='ltr'><strong>omniuo</strong></span> <span class='ocrx_word' id='word_1_208' title='bbox 546 3035 600 3074; x_wconf 88' lang='lat' dir='ltr'><strong>nco</strong></span> <span class='ocrx_word' id='word_1_209' title='bbox 619 3035 679 3073; x_wconf 89' lang='lat' dir='ltr'><strong>esse</strong></span> <span class='ocrx_word' id='word_1_210' title='bbox 697 3023 839 3075; x_wconf 76' lang='lat' dir='ltr'><strong>Arrhidaei</strong></span> <span class='ocrx_word' id='word_1_211' title='bbox 857 3024 958 3087; x_wconf 88' lang='lat' dir='ltr'><strong>lilium,</strong></span> <span class='ocrx_word' id='word_1_212' title='bbox 985 3023 1100 3089; x_wconf 85' lang='lat' dir='ltr'><strong>Philippi</strong></span> <span class='ocrx_word' id='word_1_213' title='bbox 1117 3027 1239 3090; x_wconf 91' lang='lat' dir='ltr'><strong>patrem,</strong></span> <span class='ocrx_word' id='word_1_214' title='bbox 1265 3025 1314 3074; x_wconf 87' lang='lat' dir='ltr'><strong>sed</strong></span> 
     </span>
     <span class='ocr_line' id='line_1_25' title="bbox 118 3107 1315 3175; baseline -0.003 -14"><span class='ocrx_word' id='word_1_215' title='bbox 118 3110 216 3175; x_wconf 87' lang='lat' dir='ltr'><strong>alium,</strong></span> <span class='ocrx_word' id='word_1_216' title='bbox 235 3108 361 3161; x_wconf 76' lang='lat' dir='ltr'><strong>Archelai</strong></span> <span class='ocrx_word' id='word_1_217' title='bbox 374 3110 445 3173; x_wconf 85' lang='lat' dir='ltr'><strong>regis</strong></span> <span class='ocrx_word' id='word_1_218' title='bbox 457 3108 542 3159; x_wconf 86' lang='lat' dir='ltr'><strong>illium</strong></span> <span class='ocrx_word' id='word_1_219' title='bbox 564 3109 616 3170; x_wconf 76' lang='lat' dir='ltr'><strong>(Ar.</strong></span> <span class='ocrx_word' id='word_1_220' title='bbox 632 3108 707 3158; x_wconf 89' lang='lat' dir='ltr'><strong>Pollt.</strong></span> <span class='ocrx_word' id='word_1_221' title='bbox 722 3109 752 3169; x_wconf 87' lang='lat' dir='ltr'><strong>V,</strong></span> <span class='ocrx_word' id='word_1_222' title='bbox 774 3112 816 3172; x_wconf 73' lang='lat' dir='ltr'><strong>ta,</strong></span> <span class='ocrx_word' id='word_1_223' title='bbox 837 3112 898 3158; x_wconf 89' lang='lat' dir='ltr'><strong>ttttt</strong></span> <span class='ocrx_word' id='word_1_224' title='bbox 921 3107 940 3158; x_wconf 97' lang='lat' dir='ltr'><strong>b</strong></span> <span class='ocrx_word' id='word_1_225' title='bbox 959 3110 1011 3170; x_wconf 85' lang='lat' dir='ltr'><strong>tt),</strong></span> <span class='ocrx_word' id='word_1_226' title='bbox 1032 3108 1125 3159; x_wconf 90' lang='lat' dir='ltr'><strong>docuit</strong></span> <span class='ocrx_word' id='word_1_227' title='bbox 1143 3109 1173 3162; x_wconf 86' lang='grc' dir='ltr'><strong>Α.</strong></span> <span class='ocrx_word' id='word_1_228' title='bbox 1194 3109 1228 3160; x_wconf 91' lang='lat' dir='ltr'><strong>de</strong></span> <span class='ocrx_word' id='word_1_229' title='bbox 1247 3109 1315 3158; x_wconf 88' lang='lat' dir='ltr'><strong>Gut-</strong></span> 
     </span>
     <span class='ocr_line' id='line_1_26' title="bbox 119 3193 1315 3260; baseline -0.003 -14"><span class='ocrx_word' id='word_1_230' title='bbox 119 3195 229 3246; x_wconf 89' lang='lat' dir='ltr'><strong>schmid</strong></span> <span class='ocrx_word' id='word_1_231' title='bbox 241 3194 386 3258; x_wconf 78' lang='lat' dir='ltr'><strong>symbolae</strong></span> <span class='ocrx_word' id='word_1_232' title='bbox 404 3193 604 3260; x_wconf 87' lang='lat' dir='ltr'><strong>philologcrum</strong></span> <span class='ocrx_word' id='word_1_233' title='bbox 616 3193 798 3244; x_wconf 83' lang='lat' dir='ltr'><strong>Bonnensium</strong></span> <span class='ocrx_word' id='word_1_234' title='bbox 816 3207 844 3258; x_wconf 93' lang='lat' dir='ltr'><strong>p.</strong></span> <span class='ocrx_word' id='word_1_235' title='bbox 858 3197 917 3244; x_wconf 83' lang='lat' dir='ltr'><strong>itt.</strong></span> <span class='ocrx_word' id='word_1_236' title='bbox 949 3193 1093 3257; x_wconf 73' lang='lat' dir='ltr'><strong>Amyntam</strong></span> <span class='ocrx_word' id='word_1_237' title='bbox 1111 3196 1202 3243; x_wconf 91' lang='lat' dir='ltr'><strong>autem</strong></span> <span class='ocrx_word' id='word_1_238' title='bbox 1220 3193 1315 3243; x_wconf 79' lang='lat' dir='ltr'><strong>Arrhi-</strong></span> 
     </span>
     <span class='ocr_line' id='line_1_27' title="bbox 119 3277 1315 3344; baseline -0.003 -13"><span class='ocrx_word' id='word_1_239' title='bbox 119 3280 183 3331; x_wconf 88' lang='lat' dir='ltr'><strong>daei</strong></span> <span class='ocrx_word' id='word_1_240' title='bbox 201 3278 219 3330; x_wconf 89' lang='lat' dir='ltr'><strong>i.</strong></span> <span class='ocrx_word' id='word_1_241' title='bbox 240 3293 312 3331; x_wconf 85' lang='lat' dir='ltr'><strong>anno</strong></span> <span class='ocrx_word' id='word_1_242' title='bbox 332 3282 381 3330; x_wconf 76' lang='lat'><strong>³8⁹</strong></span> <span class='ocrx_word' id='word_1_243' title='bbox 399 3293 425 3330; x_wconf 87' lang='lat' dir='ltr'><strong>a.</strong></span> <span class='ocrx_word' id='word_1_244' title='bbox 445 3278 508 3329; x_wconf 87' lang='lat' dir='ltr'><strong>Chr.</strong></span> <span class='ocrx_word' id='word_1_245' title='bbox 533 3278 645 3330; x_wconf 87' lang='lat' dir='ltr'><strong>demum</strong></span> <span class='ocrx_word' id='word_1_246' title='bbox 662 3290 775 3341; x_wconf 87' lang='lat' dir='ltr'><strong>regnare</strong></span> <span class='ocrx_word' id='word_1_247' title='bbox 794 3279 925 3344; x_wconf 89' lang='lat' dir='ltr'><strong>coepisse.</strong></span> <span class='ocrx_word' id='word_1_248' title='bbox 962 3277 1049 3337; x_wconf 87' lang='lat' dir='ltr'><strong>Quem</strong></span> <span class='ocrx_word' id='word_1_249' title='bbox 1072 3281 1219 3342; x_wconf 88' lang='lat' dir='ltr'><strong>quominus</strong></span> <span class='ocrx_word' id='word_1_250' title='bbox 1238 3279 1315 3328; x_wconf 89' lang='lat' dir='ltr'><strong>initio</strong></span> 
     </span>
     <span class='ocr_line' id='line_1_28' title="bbox 120 3361 1315 3430; baseline -0.003 -14"><span class='ocrx_word' id='word_1_251' title='bbox 120 3367 231 3430; x_wconf 87' lang='lat' dir='ltr'><strong>imperii</strong></span> <span class='ocrx_word' id='word_1_252' title='bbox 249 3377 313 3415; x_wconf 88' lang='lat' dir='ltr'><strong>cum</strong></span> <span class='ocrx_word' id='word_1_253' title='bbox 334 3361 558 3415; x_wconf 82' lang='lat' dir='ltr'><strong>Chalcidensibus</strong></span> <span class='ocrx_word' id='word_1_254' title='bbox 577 3362 671 3414; x_wconf 83' lang='lat' dir='ltr'><strong>ioedus</strong></span> <span class='ocrx_word' id='word_1_255' title='bbox 690 3361 786 3414; x_wconf 90' lang='lat' dir='ltr'><strong>iecisse</strong></span> <span class='ocrx_word' id='word_1_256' title='bbox 804 3365 965 3424; x_wconf 88' lang='lat' dir='ltr'><strong>statuamus,</strong></span> <span class='ocrx_word' id='word_1_257' title='bbox 986 3361 1053 3412; x_wconf 91' lang='lat' dir='ltr'><strong>nibil</strong></span> <span class='ocrx_word' id='word_1_258' title='bbox 1071 3363 1193 3427; x_wconf 85' lang='lat' dir='ltr'><strong>impedit.</strong></span> <span class='ocrx_word' id='word_1_259' title='bbox 1229 3362 1315 3413; x_wconf 89' lang='lat' dir='ltr'><strong>immo</strong></span> 
     </span>
     <span class='ocr_line' id='line_1_29' title="bbox 119 3446 1315 3513; baseline -0.003 -12"><span class='ocrx_word' id='word_1_260' title='bbox 119 3451 162 3501; x_wconf 88' lang='lat' dir='ltr'><strong>sic</strong></span> <span class='ocrx_word' id='word_1_261' title='bbox 180 3449 287 3501; x_wconf 78' lang='lat' dir='ltr'><strong>lucilius</strong></span> <span class='ocrx_word' id='word_1_262' title='bbox 304 3449 485 3513; x_wconf 88' lang='lat' dir='ltr'><strong>intellegitur,</strong></span> <span class='ocrx_word' id='word_1_263' title='bbox 506 3461 557 3499; x_wconf 87' lang='lat' dir='ltr'><strong>cur</strong></span> <span class='ocrx_word' id='word_1_264' title='bbox 574 3448 669 3513; x_wconf 87' lang='lat' dir='ltr'><strong>paucis</strong></span> <span class='ocrx_word' id='word_1_265' title='bbox 686 3447 765 3498; x_wconf 87' lang='lat' dir='ltr'><strong>annis</strong></span> <span class='ocrx_word' id='word_1_266' title='bbox 782 3450 852 3512; x_wconf 86' lang='lat' dir='ltr'><strong>post,</strong></span> <span class='ocrx_word' id='word_1_267' title='bbox 874 3461 937 3498; x_wconf 92' lang='lat' dir='ltr'><strong>cum</strong></span> <span class='ocrx_word' id='word_1_268' title='bbox 955 3447 990 3499; x_wconf 88' lang='lat' dir='ltr'><strong>ab</strong></span> <span class='ocrx_word' id='word_1_269' title='bbox 1008 3447 1111 3511; x_wconf 75' lang='lat' dir='ltr'><strong>Argaeo</strong></span> <span class='ocrx_word' id='word_1_270' title='bbox 1129 3449 1157 3497; x_wconf 91' lang='lat' dir='ltr'><strong>et</strong></span> <span class='ocrx_word' id='word_1_271' title='bbox 1174 3446 1272 3511; x_wconf 87' lang='lat' dir='ltr'><strong>illyriis</strong></span> <span class='ocrx_word' id='word_1_272' title='bbox 1290 3448 1315 3499; x_wconf 88' lang='lat' dir='ltr'><strong>oi</strong></span> 
     </span>
     <span class='ocr_line' id='line_1_30' title="bbox 118 3532 1314 3602; baseline -0.003 -16"><span class='ocrx_word' id='word_1_273' title='bbox 118 3535 276 3602; x_wconf 86' lang='lat' dir='ltr'><strong>periculum</strong></span> <span class='ocrx_word' id='word_1_274' title='bbox 295 3535 458 3596; x_wconf 89' lang='lat' dir='ltr'><strong>immineret,</strong></span> <span class='ocrx_word' id='word_1_275' title='bbox 483 3532 673 3597; x_wconf 87' lang='lat' dir='ltr'><strong>Olynthiorum</strong></span> <span class='ocrx_word' id='word_1_276' title='bbox 696 3533 868 3598; x_wconf 88' lang='lat' dir='ltr'><strong>potissimum</strong></span> <span class='ocrx_word' id='word_1_277' title='bbox 891 3533 1022 3583; x_wconf 80' lang='lat' dir='ltr'><strong>auxilium</strong></span> <span class='ocrx_word' id='word_1_278' title='bbox 1044 3535 1120 3597; x_wconf 87' lang='lat' dir='ltr'><strong>parto</strong></span> <span class='ocrx_word' id='word_1_279' title='bbox 1139 3532 1314 3584; x_wconf 84' lang='lat' dir='ltr'><strong>Macedoniae</strong></span> 
     </span>
     <span class='ocr_line' id='line_1_31' title="bbox 120 3617 1315 3682; baseline -0.004 -11"><span class='ocrx_word' id='word_1_280' title='bbox 120 3621 162 3671; x_wconf 86' lang='lat' dir='ltr'><strong>eis</strong></span> <span class='ocrx_word' id='word_1_281' title='bbox 180 3619 279 3672; x_wconf 88' lang='lat' dir='ltr'><strong>tradita</strong></span> <span class='ocrx_word' id='word_1_282' title='bbox 296 3618 431 3670; x_wconf 88' lang='lat' dir='ltr'><strong>redimere</strong></span> <span class='ocrx_word' id='word_1_283' title='bbox 449 3619 563 3670; x_wconf 85' lang='lat' dir='ltr'><strong>conatus</strong></span> <span class='ocrx_word' id='word_1_284' title='bbox 586 3619 630 3669; x_wconf 91' lang='lat' dir='ltr'><strong>sit.</strong></span> <span class='ocrx_word' id='word_1_285' title='bbox 674 3617 774 3670; x_wconf 75' lang='lat' dir='ltr'><strong>Errare</strong></span> <span class='ocrx_word' id='word_1_286' title='bbox 797 3617 871 3668; x_wconf 90' lang='lat' dir='ltr'><strong>enim</strong></span> <span class='ocrx_word' id='word_1_287' title='bbox 889 3617 971 3680; x_wconf 88' lang='lat' dir='ltr'><strong>hacc,</strong></span> <span class='ocrx_word' id='word_1_288' title='bbox 997 3629 1067 3682; x_wconf 87' lang='lat' dir='ltr'><strong>quac</strong></span> <span class='ocrx_word' id='word_1_289' title='bbox 1091 3629 1145 3668; x_wconf 88' lang='lat' dir='ltr'><strong>aon</strong></span> <span class='ocrx_word' id='word_1_290' title='bbox 1170 3617 1205 3667; x_wconf 88' lang='lat' dir='ltr'><strong>its</strong></span> <span class='ocrx_word' id='word_1_291' title='bbox 1230 3617 1315 3666; x_wconf 89' lang='lat' dir='ltr'><strong>mutto</strong></span> 
     </span>
     <span class='ocr_line' id='line_1_32' title="bbox 119 3699 1316 3768; baseline -0.006 -12"><span class='ocrx_word' id='word_1_292' title='bbox 119 3708 184 3758; x_wconf 84' lang='lat' dir='ltr'><strong>autc</strong></span> <span class='ocrx_word' id='word_1_293' title='bbox 202 3719 218 3755; x_wconf 90' lang='lat' dir='ltr'><strong>a</strong></span> <span class='ocrx_word' id='word_1_294' title='bbox 237 3709 287 3754; x_wconf 80' lang='lat' dir='ltr'><strong>aaa</strong></span> <span class='ocrx_word' id='word_1_295' title='bbox 306 3719 330 3756; x_wconf 88' lang='lat' dir='ltr'><strong>a.</strong></span> <span class='ocrx_word' id='word_1_296' title='bbox 345 3703 408 3756; x_wconf 84' lang='lat' dir='ltr'><strong>Chr.</strong></span> <span class='ocrx_word' id='word_1_297' title='bbox 429 3702 500 3756; x_wconf 85' lang='lat' dir='ltr'><strong>lacta</strong></span> <span class='ocrx_word' id='word_1_298' title='bbox 517 3715 577 3756; x_wconf 89' lang='lat' dir='ltr'><strong>esse</strong></span> <span class='ocrx_word' id='word_1_299' title='bbox 595 3705 717 3768; x_wconf 88' lang='lat' dir='ltr'><strong>possunt,</strong></span> <span class='ocrx_word' id='word_1_300' title='bbox 739 3703 774 3754; x_wconf 87' lang='lat' dir='ltr'><strong>ad</strong></span> <span class='ocrx_word' id='word_1_301' title='bbox 791 3703 909 3754; x_wconf 69' lang='lat' dir='ltr'><strong>aetaoem</strong></span> <span class='ocrx_word' id='word_1_302' title='bbox 926 3702 1005 3767; x_wconf 83' lang='lat' dir='ltr'><strong>longe</strong></span> <span class='ocrx_word' id='word_1_303' title='bbox 1023 3703 1142 3768; x_wconf 87' lang='lat' dir='ltr'><strong>priorem</strong></span> <span class='ocrx_word' id='word_1_304' title='bbox 1161 3699 1316 3752; x_wconf 76' lang='lat' dir='ltr'><strong>retentatur</strong></span> 
     </span>
     <span class='ocr_line' id='line_1_33' title="bbox 119 3787 1314 3852; baseline -0.006 -11"><span class='ocrx_word' id='word_1_305' title='bbox 119 3789 275 3842; x_wconf 76' lang='lat' dir='ltr'><strong>solodoro</strong></span> <span class='ocrx_word' id='word_1_306' title='bbox 293 3789 370 3851; x_wconf 83' lang='lat' dir='ltr'><strong>le,</strong></span> <span class='ocrx_word' id='word_1_307' title='bbox 397 3793 428 3838; x_wconf 75' lang='lat'><strong>92</strong></span> <span class='ocrx_word' id='word_1_308' title='bbox 456 3787 502 3852; x_wconf 80' lang='lat' dir='ltr'><strong>(ci.</strong></span> <span class='ocrx_word' id='word_1_309' title='bbox 529 3787 654 3840; x_wconf 87' lang='lat' dir='ltr'><strong>eiusdem</strong></span> <span class='ocrx_word' id='word_1_310' title='bbox 677 3789 860 3840; x_wconf 86' lang='lat' dir='ltr'><strong>narrationem</strong></span> <span class='ocrx_word' id='word_1_311' title='bbox 883 3787 946 3848; x_wconf 86' lang='lat' dir='ltr'><strong>XV,</strong></span> <span class='ocrx_word' id='word_1_312' title='bbox 974 3789 1027 3851; x_wconf 77' lang='lat' dir='ltr'><strong>ts).</strong></span> <span class='ocrx_word' id='word_1_313' title='bbox 1068 3787 1157 3847; x_wconf 86' lang='lat' dir='ltr'><strong>Quare</strong></span> <span class='ocrx_word' id='word_1_314' title='bbox 1180 3797 1314 3836; x_wconf 89' lang='lat' dir='ltr'><strong>sonorum</strong></span> 
     </span>
     <span class='ocr_line' id='line_1_34' title="bbox 119 3869 1315 3936; baseline -0.004 -11"><span class='ocrx_word' id='word_1_315' title='bbox 119 3878 171 3925; x_wconf 73' lang='lat' dir='ltr'><strong>aaa</strong></span> <span class='ocrx_word' id='word_1_316' title='bbox 191 3877 219 3926; x_wconf 91' lang='lat' dir='ltr'><strong>ct</strong></span> <span class='ocrx_word' id='word_1_317' title='bbox 236 3877 286 3925; x_wconf 76' lang='lat' dir='ltr'><strong>tat</strong></span> <span class='ocrx_word' id='word_1_318' title='bbox 304 3874 428 3925; x_wconf 88' lang='lat' dir='ltr'><strong>terminis</strong></span> <span class='ocrx_word' id='word_1_319' title='bbox 444 3873 526 3925; x_wconf 86' lang='lat' dir='ltr'><strong>huius</strong></span> <span class='ocrx_word' id='word_1_320' title='bbox 544 3873 614 3924; x_wconf 89' lang='lat' dir='ltr'><strong>tituli</strong></span> <span class='ocrx_word' id='word_1_321' title='bbox 631 3873 763 3936; x_wconf 82' lang='lat' dir='ltr'><strong>originem</strong></span> <span class='ocrx_word' id='word_1_322' title='bbox 787 3873 920 3922; x_wconf 90' lang='lat' dir='ltr'><strong>contineri</strong></span> <span class='ocrx_word' id='word_1_323' title='bbox 940 3872 1039 3923; x_wconf 90' lang='lat' dir='ltr'><strong>iudico.</strong></span> <span class='ocrx_word' id='word_1_324' title='bbox 1117 3877 1127 3920; x_wconf 90' lang='lat' dir='ltr'><strong>t</strong></span> <span class='ocrx_word' id='word_1_325' title='bbox 1150 3869 1315 3921; x_wconf 79' lang='lat' dir='ltr'><strong>Arrhidaeus</strong></span> 
     </span>
     <span class='ocr_line' id='line_1_35' title="bbox 119 3955 1314 4025; baseline -0.005 -15"><span class='ocrx_word' id='word_1_326' title='bbox 119 3963 238 4012; x_wconf 84' lang='lat' dir='ltr'><strong>vocatur</strong></span> <span class='ocrx_word' id='word_1_327' title='bbox 253 3960 387 4024; x_wconf 75' lang='lat' dir='ltr'><strong>Amyntae</strong></span> <span class='ocrx_word' id='word_1_328' title='bbox 404 3961 481 4025; x_wconf 87' lang='lat' dir='ltr'><strong>pater</strong></span> <span class='ocrx_word' id='word_1_329' title='bbox 498 3971 562 4010; x_wconf 90' lang='lat' dir='ltr'><strong>cum</strong></span> <span class='ocrx_word' id='word_1_330' title='bbox 579 3959 607 4008; x_wconf 90' lang='lat' dir='ltr'><strong>in</strong></span> <span class='ocrx_word' id='word_1_331' title='bbox 625 3958 704 4008; x_wconf 89' lang='lat' dir='ltr'><strong>titulo</strong></span> <span class='ocrx_word' id='word_1_332' title='bbox 722 3961 764 4019; x_wconf 78' lang='lat' dir='ltr'><strong>ct,</strong></span> <span class='ocrx_word' id='word_1_333' title='bbox 786 3960 844 4008; x_wconf 90' lang='lat' dir='ltr'><strong>tum</strong></span> <span class='ocrx_word' id='word_1_334' title='bbox 861 3971 878 4008; x_wconf 88' lang='lat' dir='ltr'><strong>a</strong></span> <span class='ocrx_word' id='word_1_335' title='bbox 896 3956 1018 4023; x_wconf 83' lang='lat' dir='ltr'><strong>Dexippo</strong></span> <span class='ocrx_word' id='word_1_336' title='bbox 1037 3969 1063 4021; x_wconf 88' lang='lat' dir='ltr'><strong>p.</strong></span> <span class='ocrx_word' id='word_1_337' title='bbox 1083 3959 1133 4006; x_wconf 83' lang='lat' dir='ltr'><strong>tot</strong></span> <span class='ocrx_word' id='word_1_338' title='bbox 1152 3959 1180 4007; x_wconf 93' lang='lat' dir='ltr'><strong>et</strong></span> <span class='ocrx_word' id='word_1_339' title='bbox 1197 3955 1314 4006; x_wconf 88' lang='lat' dir='ltr'><strong>Diodoro</strong></span> 
     </span>
     <span class='ocr_line' id='line_1_36' title="bbox 118 4037 1315 4111; baseline -0.007 -14"><span class='ocrx_word' id='word_1_340' title='bbox 118 4045 180 4108; x_wconf 83' lang='lat' dir='ltr'><strong>XV,</strong></span> <span class='ocrx_word' id='word_1_341' title='bbox 201 4049 247 4106; x_wconf 74' lang='lat' dir='ltr'><strong>tt,</strong></span> <span class='ocrx_word' id='word_1_342' title='bbox 274 4057 337 4094; x_wconf 86' lang='lat' dir='ltr'><strong>uem</strong></span> <span class='ocrx_word' id='word_1_343' title='bbox 361 4043 435 4109; x_wconf 87' lang='lat' dir='ltr'><strong>apud</strong></span> <span class='ocrx_word' id='word_1_344' title='bbox 456 4043 530 4095; x_wconf 91' lang='lat' dir='ltr'><strong>hunc</strong></span> <span class='ocrx_word' id='word_1_345' title='bbox 548 4039 697 4111; x_wconf 76' lang='lat' dir='ltr'><strong>Oappollou</strong></span> <span class='ocrx_word' id='word_1_346' title='bbox 721 4055 754 4094; x_wconf 85' lang='lat' dir='ltr'><strong>ex</strong></span> <span class='ocrx_word' id='word_1_347' title='bbox 778 4037 954 4110; x_wconf 78' lang='lat' dir='ltr'><strong>b&#39;Apprlalcc</strong></span> <span class='ocrx_word' id='word_1_348' title='bbox 979 4043 1137 4106; x_wconf 89' lang='lat' dir='ltr'><strong>corruptum</strong></span> <span class='ocrx_word' id='word_1_349' title='bbox 1162 4052 1222 4091; x_wconf 92' lang='lat' dir='ltr'><strong>esse</strong></span> <span class='ocrx_word' id='word_1_350' title='bbox 1247 4039 1315 4090; x_wconf 84' lang='lat' dir='ltr'><strong>vidit</strong></span> 
     </span>
     <span class='ocr_line' id='line_1_37' title="bbox 119 4123 1315 4193; baseline -0.006 -12"><span class='ocrx_word' id='word_1_351' title='bbox 119 4129 243 4182; x_wconf 85' lang='lat' dir='ltr'><strong>Diodori.</strong></span> <span class='ocrx_word' id='word_1_352' title='bbox 281 4129 333 4189; x_wconf 88' lang='lat' dir='ltr'><strong>Qui</strong></span> <span class='ocrx_word' id='word_1_353' title='bbox 350 4130 495 4193; x_wconf 76' lang='lat' dir='ltr'><strong>Amyntam</strong></span> <span class='ocrx_word' id='word_1_354' title='bbox 513 4127 627 4179; x_wconf 82' lang='lat' dir='ltr'><strong>Menelai</strong></span> <span class='ocrx_word' id='word_1_355' title='bbox 645 4125 731 4178; x_wconf 88' lang='lat' dir='ltr'><strong>lilium</strong></span> <span class='ocrx_word' id='word_1_356' title='bbox 755 4126 901 4193; x_wconf 86' lang='lat' dir='ltr'><strong>perhibent¹</strong></span> <span class='ocrx_word' id='word_1_357' title='bbox 918 4128 1036 4178; x_wconf 87' lang='lat' dir='ltr'><strong>lustinus</strong></span> <span class='ocrx_word' id='word_1_358' title='bbox 1055 4127 1114 4188; x_wconf 86' lang='lat' dir='ltr'><strong>Vll,</strong></span> <span class='ocrx_word' id='word_1_359' title='bbox 1143 4127 1156 4172; x_wconf 87' lang='lat' dir='ltr'><strong>t</strong></span> <span class='ocrx_word' id='word_1_360' title='bbox 1182 4128 1209 4174; x_wconf 93' lang='lat' dir='ltr'><strong>et</strong></span> <span class='ocrx_word' id='word_1_361' title='bbox 1227 4123 1315 4174; x_wconf 78' lang='lat' dir='ltr'><strong>helia·</strong></span> 
     </span>
     <span class='ocr_line' id='line_1_38' title="bbox 120 4208 1311 4279; baseline -0.007 -13"><span class='ocrx_word' id='word_1_362' title='bbox 120 4229 174 4268; x_wconf 86' lang='lat' dir='ltr'><strong>nus</strong></span> <span class='ocrx_word' id='word_1_363' title='bbox 194 4217 227 4266; x_wconf 90' lang='lat' dir='ltr'><strong>V.</strong></span> <span class='ocrx_word' id='word_1_364' title='bbox 248 4215 281 4267; x_wconf 87' lang='lat' dir='ltr'><strong>li.</strong></span> <span class='ocrx_word' id='word_1_365' title='bbox 300 4215 359 4279; x_wconf 83' lang='lat' dir='ltr'><strong>llll,</strong></span> <span class='ocrx_word' id='word_1_366' title='bbox 381 4216 421 4275; x_wconf 83' lang='lat' dir='ltr'><strong>ts,</strong></span> <span class='ocrx_word' id='word_1_367' title='bbox 442 4209 641 4278; x_wconf 87' lang='lat' dir='ltr'><strong>proculdubio</strong></span> <span class='ocrx_word' id='word_1_368' title='bbox 665 4224 729 4262; x_wconf 90' lang='lat' dir='ltr'><strong>cum</strong></span> <span class='ocrx_word' id='word_1_369' title='bbox 746 4211 798 4262; x_wconf 87' lang='lat' dir='ltr'><strong>alio</strong></span> <span class='ocrx_word' id='word_1_370' title='bbox 816 4212 926 4264; x_wconf 89' lang='lat' dir='ltr'><strong>homine</strong></span> <span class='ocrx_word' id='word_1_371' title='bbox 945 4211 1098 4276; x_wconf 78' lang='lat' dir='ltr'><strong>cognomini</strong></span> <span class='ocrx_word' id='word_1_372' title='bbox 1121 4208 1311 4261; x_wconf 84' lang='lat' dir='ltr'><strong>contuderunt</strong></span> 
     </span>
     <span class='ocr_line' id='line_1_39' title="bbox 119 4294 1312 4366; baseline -0.007 -13"><span class='ocrx_word' id='word_1_373' title='bbox 119 4303 149 4353; x_wconf 88' lang='lat' dir='ltr'><strong>S.</strong></span> <span class='ocrx_word' id='word_1_374' title='bbox 256 4305 272 4350; x_wconf 79' lang='lat' dir='ltr'><strong>a</strong></span> <span class='ocrx_word' id='word_1_375' title='bbox 296 4299 438 4366; x_wconf 84' lang='lat' dir='ltr'><strong>Supplevit</strong></span> <span class='ocrx_word' id='word_1_376' title='bbox 461 4301 582 4364; x_wconf 86' lang='lat' dir='ltr'><strong>Sauppe;</strong></span> <span class='ocrx_word' id='word_1_377' title='bbox 614 4309 743 4349; x_wconf 88' lang='lat' dir='ltr'><strong>versuum</strong></span> <span class='ocrx_word' id='word_1_378' title='bbox 773 4299 840 4348; x_wconf 81' lang='lat' dir='ltr'><strong>b-8</strong></span> <span class='ocrx_word' id='word_1_379' title='bbox 870 4297 1058 4362; x_wconf 86' lang='lat' dir='ltr'><strong>supplementa</strong></span> <span class='ocrx_word' id='word_1_380' title='bbox 1087 4294 1209 4346; x_wconf 87' lang='lat' dir='ltr'><strong>eiusdem</strong></span> <span class='ocrx_word' id='word_1_381' title='bbox 1240 4299 1312 4345; x_wconf 89' lang='lat' dir='ltr'><strong>sunt.</strong></span> 
     </span>
     <span class='ocr_line' id='line_1_40' title="bbox 121 4383 692 4446; baseline -0.007 -8"><span class='ocrx_word' id='word_1_382' title='bbox 121 4391 137 4437; x_wconf 73' lang='grc'>3</span> <span class='ocrx_word' id='word_1_383' title='bbox 158 4387 300 4438; x_wconf 74' lang='grc' dir='ltr'>ΕΙΣΑΓΩΓ</span> <span class='ocrx_word' id='word_1_384' title='bbox 302 4388 320 4436; x_wconf 92' lang='grc' dir='ltr'><strong>Η</strong></span> <span class='ocrx_word' id='word_1_385' title='bbox 338 4385 454 4446; x_wconf 78' lang='lat' dir='ltr'><strong>drueth;</strong></span> <span class='ocrx_word' id='word_1_386' title='bbox 478 4399 531 4436; x_wconf 88' lang='lat' dir='ltr'><strong>em.</strong></span> <span class='ocrx_word' id='word_1_387' title='bbox 551 4383 692 4434; x_wconf 86' lang='lat' dir='ltr'><strong>Wiesoler.</strong></span> 
     </span>
    </p>
   </div>
   <div class='ocr_carea' id='block_1_7' title="bbox 0 0 1560 5056">
    <p class='ocr_par' dir='ltr' id='par_1_7' title="bbox 0 0 1560 5056">
     <span class='ocr_line' id='line_1_41' title="bbox 0 0 1560 5056; baseline 0 0"><span class='ocrx_word' id='word_1_388' title='bbox 0 0 1560 5056; x_wconf 95' lang='lat' dir='ltr'><strong> </strong></span> 
     </span>
    </p>
   </div>
  </div>
 </body>
</html>
