3086 5066
601 264 633 314 ll.
661 263 711 314 ltes
729 276 830 314 sacrae.

371 465 608 552 4400οι4444

371 571 379 654 4
380 605 578 619 ---------
582 565 764 656 translat

194 832 209 878 4
228 830 350 880 Proximo
368 841 449 880 versu
467 823 579 886 Εὔπολις
602 825 719 881 lethaeae
742 830 873 896 scriptum
898 829 981 882 luisse
1007 835 1112 884 monuit
1131 835 1214 897 Bergk
1234 836 1302 886 idus.

125 915 208 966 liban.
223 913 331 966 XXXIV
344 928 371 980 p.
384 917 429 963 444
453 917 509 966 004.
525 919 553 977 t,
574 929 690 980 nemque
704 915 744 966 04.
759 919 800 979 stt,
817 919 830 964 4
850 917 909 966 0404
922 911 1045 974 Ktimene
1057 918 1084 967 in
1103 931 1228 971 scaenam
1241 922 1305 972 mis-

125 1014 184 1051 sam
208 1013 279 1052 esse.
321 999 359 1050 Cl.
384 999 479 1050 Athen.
506 1001 526 1050 V
550 1014 576 1066 p.
596 1003 669 1052 4480
692 997 802 1070 athenae
818 999 848 1054 bl
863 995 1025 1067 [Ἱππόνικος]
1039 1001 1088 1072 πρὸ
1104 1008 1151 1072 τῆς
1169 1001 1219 1057 ἐπ’
1234 996 1307 1058 Ἀλ-

124 1082 220 1137 00400
239 1081 402 1142 4400004400
424 1089 475 1136 τῶν
492 1079 636 1144 Εὐπόλιδος
660 1079 788 1140 Κολάκων
812 1083 842 1140 oh
866 1084 956 1158 πολλῷ
980 1085 1065 1160 χρόνῳ
1087 1088 1153 1142 κατὰ
1179 1089 1207 1144 τὸ
1225 1089 1302 1149 εἰκός.

124 1169 164 1223 Ct.
189 1171 271 1222 etiarn
297 1169 472 1222 didascattam
494 1171 570 1223 Pacis
593 1172 814 1240 Aristophanem,
842 1171 889 1242 nbi
916 1173 1026 1226 definite
1054 1173 1170 1228 retertur
1187 1177 1303 1244 Eupolin

123 1258 222 1310 vicisse
241 1256 392 1308 catabula.

210 1545 278 1614 let
301 1553 486 1633 Fragmenta
509 1549 572 1613 duo
595 1549 722 1614 tabulae
752 1551 868 1634 lapidis
891 1555 1051 1636 Hymettii,
1080 1573 1098 1617 a
1121 1552 1231 1618 dextra
1254 1558 1305 1618 in-

123 1664 224 1735 tegra,
250 1653 291 1717 ab
308 1653 441 1734 reliquis
456 1653 602 1744 pertibus
625 1655 778 1738 mutilata,
804 1657 933 1719 inventa
948 1657 1079 1720 Athenis
1095 1676 1193 1740 prope
1216 1661 1304 1722 thee·

123 1767 209 1819 trum
232 1757 352 1819 Bacchi.
394 1755 476 1818 Edd.
502 1757 635 1820 Koehler
663 1759 765 1820 blittb.
794 1758 850 1822 des
872 1759 955 1821 arch.
983 1761 1059 1822 lust.
1085 1761 1116 1821 in
1139 1759 1242 1823 Athen
1265 1764 1304 1823 lll

124 1860 231 1940 (4878)
254 1881 286 1940 p.
307 1861 379 1922 tle.
426 1859 623 1923 Kumenudis
641 1854 804 1946 Ἀθηναίου
826 1863 864 1924 Vl
889 1883 919 1942 p.
947 1861 1008 1925 474
1032 1883 1064 1925 n.
1093 1865 1121 1925 4.
1147 1865 1178 1926 2.

413 2047 624 2130 troiadem·
653 2043 896 2133 Νο[04440’)4εμος]2

413 2145 603 2236 [104γο)οίοι
625 2145 783 2238 Εό[ριπί)40
814 2149 817 2156 ’

412 2253 540 2339 [4400)8
557 2249 763 2340 Ἀστυδάμας4

193 2514 308 2566 Litterae
320 2513 451 2580 volgares.
484 2513 524 2566 Ex
541 2516 691 2580 scripturae
709 2525 807 2579 genere
819 2511 967 2564 ltoehlerus
984 2511 1102 2575 collegit,
1123 2514 1211 2564 medio
1225 2515 1302 2564 tertio

120 2615 146 2652 0.
162 2599 224 2650 Chr.
239 2599 347 2652 saeculo
366 2599 432 2652 baec
449 2601 535 2653 incisa
552 2613 622 2652 esse.
641 2599 722 2651 Tituli
735 2601 869 2650 444-444
887 2611 967 2650 verae
985 2597 1209 2650 didascaliae
1227 2601 1299 2662 sunt,

121 2687 139 2736 4.
155 2699 180 2736 e.
198 2685 320 2736 laterculi
338 2687 460 2737 omnium
478 2685 631 2738 tabularum
648 2699 718 2751 quae
736 2687 764 2736 in
782 2685 888 2737 theatro
900 2684 998 2736 Bacchi
1015 2687 1092 2734 actae
1110 2687 1183 2746 sunt,
1203 2697 1302 2736 secun-

120 2771 188 2822 dnm
206 2783 338 2822 annorum
356 2771 480 2824 ordinem
498 2772 654 2836 dispositae.
680 2771 773 2822 Utrum
791 2770 826 2822 ad
838 2771 966 2835 Dionysia
984 2783 1080 2833 magun
1097 2783 1132 2821 00
1149 2769 1183 2820 04
1196 2769 1300 2824 Lenaea

119 2858 252 2922 spectent,
272 2857 418 2908 diiudicari
437 2871 491 2910 non
509 2869 598 2924 posse,
619 2857 666 2908 sed
685 2857 753 2908 illud
771 2860 861 2908 tamen
878 2858 936 2908 veri
955 2855 1072 2908 similius
1089 2855 1142 2907 sihi
1157 2855 1243 2907 videri
1256 2870 1301 2907 04-

121 2943 213 3006 posuit
229 2942 259 2992 li.
294 2943 382 3008 Atque
399 2943 444 2996 hic
462 2943 572 3008 quidem
591 2941 686 2994 4440404
709 2942 860 3006 tragoedias
884 2941 926 2994 ol.
947 2945 1004 3001 444,
1027 2945 1041 2990 4
1060 2967 1095 2978 -
1114 2946 1171 3004 tle‚
1194 2945 1204 2989 4
1226 2945 1302 2994 00404

119 3029 250 3079 musnet.
329 3033 339 3078 4
362 3027 486 3094 Singulas
504 3029 649 3094 quotannis
667 3027 817 3092 tragoedias
834 3029 975 3092 poetarum
994 3028 1155 3092 antiquioris
1172 3029 1302 3093 temporis

119 3114 163 3177 agi
180 3112 273 3164 solitas
290 3125 351 3166 esse
368 3117 422 3166 iam
441 3113 532 3181 paullo
550 3117 611 3180 post
629 3112 750 3164 medium
768 3111 909 3164 saeculum
927 3127 952 3164 0.
972 3111 1033 3163 Chr.
1055 3117 1183 3178 quartum
1201 3127 1233 3164 ex
1250 3115 1302 3166 hoc

120 3198 199 3250 titulo
216 3199 370 3250 didicimus.
408 3201 437 3250 ln
455 3199 605 3251 comoediis
624 3197 695 3250 idem
713 3197 909 3250 recentioribus
927 3199 1038 3250 demum
1057 3199 1224 3265 temporibus
1242 3199 1300 3252 44044

119 3286 248 3350 coeptum
265 3289 306 3336 est
327 3283 370 3350 (ct.
384 3283 467 3350 4484).
504 3284 677 3338 Memorabile
695 3287 754 3337 elus
771 3284 880 3346 favoris,
900 3299 955 3350 quo
974 3285 1117 3351 Euripides
1135 3291 1191 3337 lum
1210 3285 1302 3337 ssoruit

117 3369 193 3435 apud
211 3372 285 3422 cives
303 3383 377 3434 4004,
397 3372 590 3424 documentum
609 3373 635 3422 tn
654 3387 686 3424 00
703 3386 733 3424 40
751 3373 853 3433 inesse,
878 3373 951 3438 qnod
975 3371 1060 3423 trihus
1078 3371 1206 3437 deinceps
1223 3373 1300 3422 00044

120 3455 229 3508 tahulue
245 3457 304 3508 0404
322 3459 398 3509 eche
415 3460 515 3522 essent,
537 3460 642 3510 monuit
660 3459 785 3513 licenter.
864 3463 879 3508 4
898 3459 935 3510 De
953 3457 1129 3524 Neoptolemo
1148 3457 1300 3521 tragoedia-

119 3555 183 3594 rum
201 3545 293 3594 actore
312 3543 482 3595 nobilissimo
501 3544 534 3595 04.
554 3545 630 3596 Dem.
651 3546 681 3606 V,
703 3549 727 3596 4.
747 3543 820 3606 XIX,
842 3547 882 3594 44.
905 3548 945 3594 44.
966 3547 1025 3595 tlt.
1054 3543 1180 3594 Ceterum
1198 3555 1232 3593 ex
1249 3542 1301 3594 boc

118 3629 210 3679 indice
228 3630 255 3680 04
272 3629 313 3680 044
330 3632 378 3695 qui
396 3633 549 3694 sequuntur
572 3631 609 3693 (0.
628 3633 687 3682 tot.
710 3629 766 3691 444)
795 3629 920 3680 videmus
942 3631 968 3680 in
996 3629 1050 3679 illis
1067 3629 1183 3693 antiquis
1201 3627 1300 3680 tabulis

119 3727 230 3780 semper
248 3715 393 3768 histriones
411 3712 569 3768 διδασκάλων
589 3729 701 3767 munere
720 3715 826 3768 iunctos
843 3727 912 3766 esse.
986 3719 1000 3765 t
1020 3716 1041 3767 l.
1055 3727 1080 3764 0.
1100 3711 1213 3783 0044404),
1235 3716 1299 3778 quia

120 3813 191 3866 quae
208 3801 345 3854 antecedit
362 3800 460 3864 tabula,
481 3815 535 3853 non
551 3803 668 3867 aposta,
688 3801 737 3854 sed
755 3800 790 3852 ab
808 3801 940 3854 histrione
958 3802 985 3851 40
1003 3812 1130 3851 scaenam
1149 3801 1231 3852 missa
1248 3802 1297 3851 ost.

118 3888 320 3940 Enumerantur
336 3885 434 3953 poetae
451 3888 601 3940 monadum
619 3887 741 3940 ordinem
765 3886 800 3938 ab
823 3886 931 3938 arbitris
949 3887 1140 3950 constitutum,
1166 3889 1247 3950 atque
1271 3887 1299 3936 in

119 3975 209 4040 primo
238 3973 348 4038 quidem
379 3987 510 4026 numerus
540 3973 669 4025 ordinetis
699 3975 845 4038 omittitur,
876 3974 987 4040 reliquis
1016 3971 1124 4026 duobus
1154 3970 1300 4024 ascribitur

119 4057 250 4129 40440000)
262 4057 404 4130 04004400).
424 4060 462 4112 lix
480 4061 523 4112 his
541 4060 640 4113 tabulis
657 4064 684 4112 in
703 4061 865 4127 hypotheses
883 4075 953 4126 quae
971 4062 999 4112 in
1018 4059 1094 4111 libris
1111 4069 1195 4108 manu
1213 4057 1300 4123 scrip-

120 4148 155 4198 tis
178 4148 341 4210 tragicorum
365 4150 393 4198 et
409 4147 594 4213 Aristophanis
618 4150 739 4200 servatae
757 4150 821 4198 snut
838 4147 883 4198 ille
902 4159 967 4198 usus
985 4147 1115 4207 manavit,
1142 4157 1226 4210 quare
1251 4157 1299 4210 pro

119 4229 191 4286 4νί00
212 4230 368 4298 frequenter
390 4239 490 4301 πρῶτος
511 4231 544 4302 ἠν
563 4235 700 4286 invenitur
720 4233 843 4298 (iladvig.
870 4232 908 4284 ltl.
929 4233 994 4298 phil.
1014 4232 1089 4282 Schr.
1110 4245 1135 4297 p.
1159 4229 1228 4293 454).
1266 4231 1297 4280 lt.

119 4323 133 4370 4
153 4319 317 4384 Astydames
335 4322 400 4371 natu
417 4320 502 4372 metor
520 4321 636 4386 primam
660 4319 777 4372 tabulam
800 4319 894 4370 docuit
917 4318 1045 4370 archonte
1064 4317 1227 4370 Aristocrate
1248 4315 1296 4381 (04.

120 4409 163 4466 44,
178 4407 202 4458 t.
219 4401 293 4472 444)8
306 4419 330 4457 0.
346 4406 421 4470 Chr.)
441 4410 469 4458 et
486 4407 676 4472 sexagenarius
694 4405 761 4458 obiit
780 4405 1038 4470 ibiconcilium,
1054 4404 1090 4469 4).
1116 4405 1190 4460 Unde
1202 4407 1298 4474 sponte
