3110 5056
117 333 180 397 ⁴7⁴]
291 335 335 388 111.
360 333 400 384 Ab
418 333 558 384 Mexandri
576 333 663 396 Magn!
680 337 767 384 morto
785 333 819 384 ad
836 333 994 386 Corinthum
1012 335 1136 386 deletam.
1241 338 1302 400 267

211 533 294 624 ίεράν
321 537 373 602 καί
399 529 524 602 ἄσυλον·
560 539 609 601 νῖν
638 561 671 603 τε
699 532 970 622 ὁπερΙβεβληκάτυς
1000 541 1052 603 τυῖι
1084 540 1230 624 βασιλέως
1261 541 1304 612 εἰς

207 639 261 726 τήν
285 639 448 704 Σελευκίδα
476 639 505 703 σί
527 638 698 725 στρατηίγοθ
728 633 901 713 σπεύδοντες
930 641 1079 724 διαμένειν
1108 643 1164 705 τῶι
1187 643 1305 726 βασιλεῖ

210 740 248 808 τὰ
269 737 429 828 πράγματα
455 736 663 827 συμφερόντως
685 741 891 826 διεΙπέμψαντο
919 738 993 828 πρὸς
1020 739 1089 815 τοὺς
1117 744 1155 827 ἐμ
1178 741 1306 828 Μαγνη-

210 845 294 910 σίαι8
321 843 476 916 κατοίκους
497 842 548 908 καί
569 840 656 928 πρὸίς]
676 839 745 915 τούς
767 838 931 929 ὑπαίθρους
948 846 1042 918 ἱππεῖς
1057 843 1108 910 καί
1124 841 1305 931 στρατιώτας

168 944 263 1013 15καί
291 941 468 1011 ἀπέστειλαν
500 945 531 1017 ἐξ
564 940 661 1009 αὸτῶν
675 943 685 1030 ΙΙ
700 947 752 1010 ἕνα
785 942 939 1012 Διονύσιον
970 944 1028 1032 τὸμ
1058 948 1306 1034 παρακαλέσαντα

212 1044 321 1121 αύτούς
342 1045 569 1134 διαίφυίλάσσειν
590 1044 651 1132 τημ
672 1048 775 1134 φιλίαν
797 1047 849 1114 καί
871 1050 1044 1136 συμμαχίαν
1062 1052 1180 1136 βασιλεῖ
1196 1046 1307 1116 Σελεύ-

211 1177 269 1216 κωι
290 1152 333 1223 είς
349 1151 353 1235 ί
369 1145 466 1215 πάντα
487 1147 538 1235 τὸγ
553 1145 672 1236 χρόνον,
697 1147 949 1236 ἐπαγγελλόμενοι
962 1147 1179 1240 διατηρούντων
1196 1149 1308 1236 αύτῶίνί

210 1249 248 1319 τά
262 1251 425 1339 πράγματα
440 1250 490 1316 καί
503 1248 553 1317 τὸν
575 1248 663 1318 αύτὸν
685 1248 799 1339 ἐχθρὸγ
818 1250 869 1318 καί
883 1253 969 1339 φίλον
982 1251 1155 1339 ἡγουμένων
1171 1251 1306 1341 ὑπάρξειν

211 1352 321 1440 αύΙτοῖς
342 1351 426 1441 παρὰ
447 1359 499 1420 ταῶ
521 1352 617 1440 δήμου
639 1353 691 1420 καί
711 1352 794 1441 παρὰ
807 1361 859 1420 τοῖν
877 1357 1024 1442 βασιλέως
1039 1352 1186 1422 Σελεύκου
1200 1354 1308 1442 πάνίτμ

211 1455 249 1523 τά
272 1453 470 1545 φιλάνθρωπα
492 1455 542 1524 καί
563 1461 664 1530 καλῶς
693 1456 802 1543 ἔχοντα
831 1458 883 1523 καί
906 1454 1153 1545 ἀποδοθήσεσθαι
1174 1456 1308 1546 χάριΙτας

212 1557 313 1634 αὐτοῖς
338 1557 417 1634 ἀξίας
438 1566 490 1646 τῖγς
513 1561 671 1647 αἱρέσεως·
710 1560 739 1626 οί
761 1559 794 1624 δέ
815 1561 854 1644 ἐμ
869 1558 1045 1647 Μαγνησίαι
1065 1563 1308 1648 παρακληθέντες

214 1661 266 1728 καί
289 1657 373 1727 αύτολ
394 1654 474 1735 ὁντες
495 1659 645 1749 πρόθυμοι
665 1659 737 1748 πρὸς
759 1659 792 1726 τὸ
815 1659 1030 1749 διαφυλάσσειν
1051 1669 1107 1728 τῶι
1124 1667 1241 1750 βασιλεῖ
1255 1661 1308 1750 τη’ν

212 1791 246 1831 τε
268 1765 378 1852 φιΙλίαν
401 1763 453 1828 καί
473 1762 526 1850 τὴν
551 1765 722 1852 συμμαχίαν
738 1763 791 1829 καί
804 1767 955 1852 διατηρεῖν
976 1762 1068 1832 αύτῶι
1081 1765 1119 1832 τά
1131 1763 1306 1853 πράγματα,

213 1863 253 1932 τά
273 1893 305 1932 τε
328 1863 494 1938 ἀξιωθέντα
516 1864 572 1934 ὁπὸ
593 1871 648 1932 τῶν
672 1871 844 1953 στρατηγῶν
866 1869 1030 1954 φιλοτίμως
1057 1865 1236 1942 ἀπεδέξαντο
1258 1869 1309 1935 καί

172 1985 206 2036 20
218 1969 459 2056 ἐπαγγέλίίλονται
472 1967 524 2055 τὴν
541 1966 634 2054 αύτήν
650 1971 725 2040 ἕξειν
749 1968 939 2056 αίρεσιντῶι
962 1967 1060 2057 δήμων
1081 1977 1136 2037 τῶι
1160 1968 1311 2059 ἡμετέρωι

214 2075 258 2146 εἰς
279 2068 375 2138 πάντα
395 2069 434 2138 τά
453 2078 505 2138 τοῶ
529 2072 675 2160 βασιλέως
698 2067 846 2138 Σελεύκου
875 2075 1064 2160 συμφέροντα
1085 2074 1137 2138 καί
1160 2069 1309 2140 ἀπεστάλ-

215 2201 302 2241 κασιν
319 2179 323 2256 Ι
338 2170 411 2260 πρὸς
432 2170 513 2260 ἡμᾶς
533 2169 714 2262 πρεσβευτάς
743 2177 777 2261 ἐγ
807 2174 859 2260 μὲν
888 2179 949 2262 τῶγ
971 2177 1117 2248 κατοίκων
1140 2176 1311 2262 Ποτάμωνα

216 2277 268 2343 καί
288 2274 464 2364 [Περυκλῆη
489 2280 523 2364 ἐγ
547 2277 580 2342 δέ
608 2281 667 2343 τῶν
690 2273 845 2364 ὁπαίθρων
868 2274 1001 2363 Δάμωνα
1028 2278 1080 2344 καί
1098 2273 1312 2344 Ἀπυλλωνικέ-

216 2405 280 2466 την,
305 2377 374 2454 τούς
389 2381 639 2466 δίιαθλεξομένους
660 2404 692 2446 τε
714 2375 784 2465 ἡμῖν
807 2380 859 2445 καί
882 2377 1052 2453 ἀνοίσοντας
1073 2377 1127 2466 τήν
1150 2378 1311 2467 ὁμολογίαν

216 2480 291 2549 καθ’
317 2478 354 2569 ἣν
378 2480 520 2567 ἀξίολῦσιν
543 2483 707 2548 συνθέσθαι
735 2479 795 2567 τήμ
822 2479 894 2568 πρὸς
924 2480 1047 2556 ἑαυτούς
1070 2483 1187 2570 φιλίαν·
1216 2487 1313 2571 ἐπαχ-

216 2587 318 2659 θέντες
351 2585 385 2651 δέ
416 2587 468 2651 καί
501 2588 529 2652 οί
546 2589 549 2668 γ
565 2583 743 2672 πρεσβευταί
773 2582 821 2648 ἐπί
852 2582 902 2650 τὸν
932 2588 1026 2671 δῆμον
1059 2583 1312 2672 συνλελαλήκασιν

218 2685 292 2775 ὁπέρ
315 2684 451 2754 ἁπάντων
474 2683 661 2774 ἀκυλίούῙθως
682 2689 743 2762 τοῖς
771 2689 802 2752 έν
828 2693 878 2773 τῆι
906 2684 1063 2772 ὁμολογίαι
1084 2691 1308 2775 γεγραμμένοις,

220 2787 335 2877 ἀγαθήι
355 2787 454 2878 τύχηι,
482 2787 642 2878 δεδύχθοίι]
657 2792 660 2876 ί
678 2787 731 2876 τήν
753 2815 785 2856 τε
812 2790 912 2876 φιλίαν
940 2790 1132 2856 συντίθεσθαι
1153 2787 1225 2877 πρὸς
1246 2787 1313 2864 τοὺς

219 2895 258 2978 έμ
273 2891 448 2978 Μαγνησίαι
469 2893 518 2958 ἐπί
540 2899 614 2959 πᾶσι
634 2895 711 2976 τοίῖς]
730 2897 782 2958 τοῦ
807 2894 953 2978 βασιλέως
971 2887 1119 2958 Σελεύκου
1143 2895 1312 2980 συμφέρου-

177 3011 210 3062 25
222 3020 279 3076 σιν,
305 2993 355 3060 καὶ
378 2993 532 3068 ἀποδεῖξαι
552 2993 625 3082 πρὸς
648 2991 771 3078 αὐτούς]
784 2994 793 3080 Η
806 2993 988 3082 πρεσβευτὰς
1014 2997 1107 3080 τρεῖς,
1134 2995 1239 3069 οἵτινες
1261 2993 1313 3081 τὴν

220 3094 382 3183 ὁμολογίαν
411 3122 443 3163 τε
468 3093 532 3184 ἥτις
556 3093 591 3164 ἀν
614 3094 697 3184 δύξηι
725 3101 780 3162 τῶι
810 3093 909 3183 δήμιοι
937 3095 1105 3163 ἀνοίσουσιν
1136 3094 1236 3171 αὐτοῖς
1264 3097 1314 3164 καί

220 3201 289 3288 περί
310 3208 371 3287 τῶγ
391 3202 603 3288 γεγραμμένων
626 3205 656 3268 ἐν
681 3197 768 3285 αύτῖγι
791 3196 1046 3286 δύαίίλεγήσυνται
1067 3199 1119 3264 καί
1140 3203 1315 3288 παρακαλέ-

222 3329 323 3369 σουσιν
346 3301 453 3378 αύτούς
483 3304 627 3391 δέχεσθαί
649 3301 753 3368 τεκαὶ
776 3305 923 3368 συντελεῖν
951 3299 988 3367 τά
1017 3303 1048 3366 ἐν
1077 3307 1129 3387 τῆι
1157 3299 1315 3391 ὁμολογίαι

220 3407 424 3492 γεγραμμένα,
457 3403 507 3470 καί
535 3402 650 3492 έάμπερ
677 3406 819 3477 δέξωνται
847 3406 875 3470 οί
897 3407 936 3490 ἐμ
952 3408 955 3488 Ι
973 3403 1159 3490 Μαγνησίαι,
1192 3403 1315 3494 ὁρκισά-

221 3533 320 3574 τωσαν
343 3506 449 3582 αύτούς
471 3510 499 3573 οί
522 3503 814 3596 ἀπυδειχθηούμενοι
831 3507 1011 3594 πρεσβευταί
1032 3504 1081 3573 τὸν
1103 3501 1191 3595 ὁρκον
1213 3507 1262 3575 τὸν
1285 3512 1314 3574 ἐν

222 3614 273 3696 τηι
302 3607 457 3698 ὁμολογίαι
483 3615 702 3708 γεγραμμένον·
733 3611 987 3696 προςδεξαμένίων]
1003 3611 1006 3696 ί
1025 3611 1058 3676 δὲ
1085 3616 1179 3676 ταῦτα
1200 3617 1255 3676 τῶν
1279 3615 1317 3696 ἐμ
1405 3657 1407 3662 -

225 3713 400 3799 Μαγνησίαι
420 3714 471 3778 καί
493 3713 796 3800 συνσφραγισαμένων
818 3710 870 3798 την
893 3709 1053 3798 ὁμολογίαν
1073 3710 1124 3778 καί
1145 3709 1316 3798 ὀμοσάντων

224 3816 277 3881 καί
299 3813 521 3883 ἐπανελθόντων
544 3820 607 3902 τῶμ
627 3818 812 3903 πρεσβευτῶν
836 3815 1061 3900 συίντεΗλείσθω
1083 3816 1135 3880 καί
1163 3813 1199 3880 τά
1227 3813 1317 3880 λοιπὰ

133 3993 291 4003 ...-.-.--

209 4115 223 4160 8
242 4111 406 4174 Magnesiam
424 4111 459 4160 εδ
477 4110 597 4176 Sipylum
615 4123 674 4161 esse
693 4109 857 4172 Βοεολιίιίιιε,
883 4121 966 4172 quum
990 4110 1156 4172 antiquiores
1179 4111 1317 4172 cognomi·

133 4209 202 4249 nem
220 4195 317 4246 urbem
344 4196 378 4246 ad
396 4196 570 4247 Maeandrum
594 4198 673 4246 sitam
696 4195 905 4254 intellexissent,
930 4193 1022 4244 multis
1044 4193 1131 4258 iisque
1155 4195 1317 4258 gravissimis

133 4283 305 4346 argumentis
323 4283 519 4333 domonstravit
543 4281 584 4344 (τί.
603 4284 747 4346 praecipue
770 4295 795 4332 v.
818 4284 862 4329 τοι
888 4276 932 4330 ἐὰν
950 4275 1105 4349 προςοριαθη
1122 4276 1140 4346 ἡ
1158 4279 1231 4349 χώρα
1247 4276 1315 4342 κτλ,

134 4381 209 4435 quae
226 4369 342 4419 vicinam
361 4369 489 4432 Smyrnae
508 4368 670 4431 Magnesiam
689 4367 824 4428 indicant,
844 4370 869 4417 et
887 4380 913 4416 v.
934 4370 961 4415 64
983 4363 1029 4431 τὴν
1046 4359 1155 4432 Μητέρα
1171 4365 1218 4434 τὴν
1238 4361 1318 4416 Σιπυ-

133 4452 242 4522 τηειρ).
