3084 5052
92 342 156 406 444]
564 341 585 392 l.
608 341 660 394 bes
677 341 813 407 publicae.
1220 347 1283 409 493

137 537 220 609 ludu
242 545 392 627 tilbert.
418 545 502 618 τέλος
525 544 558 610 δὲ
581 546 703 630 μηδέήο
726 546 828 633 φέρειν
852 542 926 632 μήτε
946 545 957 634 fl
974 548 1107 634 xpeditoo
1135 545 1286 635 ἐπισήμου

183 643 251 732 μήτ’
279 644 429 734 ἇήγορίοο
459 643 626 734 ἔπιοήὶμοο]
651 644 725 734 μήτε
751 653 891 715 coiisse
919 647 988 736 pqr'
1013 647 1286 737 [oocuparet-m

182 751 279 832 ....]

93 907 405 918 ——.-.-..-—

166 996 181 1042 4
200 993 339 1058 Supplevi.
364 991 467 1042 ‘liceat
484 995 529 1051 eis,
550 997 579 1042 ut
596 993 624 1041 in
641 993 695 1042 otia
713 995 823 1056 quotibet
840 1008 870 1045 re
889 996 974 1046 eeneii
992 997 1058 1056 iicet,
1078 1009 1163 1048 emere
1181 1002 1205 1048 et
1219 1009 1285 1048 een-

92 1080 155 1133 dere
172 1081 263 1141 quenti
279 1076 382 1129 neunt'.
402 1077 437 1134 ὡς
456 1072 486 1126 ἂν
504 1073 569 1128 ὀλλο
585 1073 675 1142 [ὁτιοῦν
691 1075 696 1146 Ι
711 1077 822 1142 solbet
847 1081 881 1133 ll.
919 1081 972 1132 Sed
990 1085 1018 1132 et
1036 1083 1169 1132 sententia
1186 1095 1283 1146 parum

94 1165 239 1231 perspicua
259 1167 310 1226 est,
331 1166 358 1213 et
375 1165 469 1228 utique
488 1164 511 1214 si
529 1163 581 1214 boc
599 1164 737 1215 diceretur
755 1166 874 1230 optativo
892 1163 1004 1218 πωλοῖεν
1022 1179 1090 1232 opus
1108 1170 1175 1218 erat.

661 1674 709 1758 Il.

564 1864 637 1947 lies
664 1883 809 1948 seman

93 2067 127 2134 1.
165 2066 315 2150 'l'empla
336 2067 373 2134 et
395 2066 556 2151 delubra,
578 2068 781 2152 simulam,
803 2067 963 2152 domnio,
985 2069 1147 2154 supellex
1169 2087 1281 2138 sacra.
1396 2139 1404 2160 Ι

180 2221 248 2288 355
271 2223 391 2286 Tabula
415 2225 579 2288 marmoris
602 2227 763 2304 Pentelici,
790 2228 920 2290 inventa
943 2229 975 2290 in
998 2229 1133 2290 Piraeeo.
1170 2229 1282 2291 Exstat

91 2328 224 2390 Athenis
258 2327 291 2388 in
322 2345 430 2389 museo
464 2329 622 2391 societatis
655 2330 918 2410 orobaeologioee.
965 2328 1047 2392 Edd.
1085 2329 1281 2393 Kumenudis

92 2426 313 2514 Παλιγγενεσίο
351 2429 390 2490 40
417 2425 507 2492 Σεπτ.
542 2429 635 2493 leit.
684 2433 716 2493 Ρ.
743 2433 873 2494 Foucart
906 2433 968 2496 Des
1001 2433 1203 2496 associatione
1228 2437 1280 2495 re-
1358 2421 1361 2432 ’

92 2533 243 2614 ligieuses
266 2533 341 2594 cheu
365 2533 412 2594 les
435 2535 532 2595 Grecs
554 2553 588 2614 p.
608 2533 681 2596 487.
728 2535 863 2598 Koebler
886 2535 920 2598 C.
946 2537 971 2597 i.
995 2535 1060 2598 Att.
1087 2536 1112 2597 ll
1138 2537 1211 2598 468.

176 2717 289 2804 [eieci.
313 2714 402 2805 J'Ertl
424 2714 630 2805 Νικοκράτους
653 2713 824 2808 ο’ἷρχοντ4ος1
847 2720 897 2786 ἐπὶ
918 2725 972 2807 τῆς
987 2718 1127 2806 Αἰγεΐδος
1148 2717 1279 2808 προπιης

147 2821 371 2909 inpotentiae,
407 2824 467 2886 τῶν
499 2821 663 2910 προέδῆριον
691 2818 876 2911 ἐπεψήφιζον
904 2820 1061 2912 ΘεόφιλοΙς
1084 2819 1273 2910 Φηγοῦσιος·

177 2925 276 2997 ἔδοξεν
310 2927 361 3010 cip
394 2923 539 3012 bloulffl·
595 2921 770 3010 'Avrssbrcc
802 2921 1037 3016 ἎπολλοΙδῶροο
1074 2923 1280 3014 Σοπολήττιος

134 3025 284 3115 ιοεῖπεΙν·
311 3023 379 3114 περὶ
401 3019 442 3094 ὧν
473 3029 610 3113 λέγουσιν
640 3029 669 3094 οἱ
692 3025 814 3116 Κιτῇιεῖς
835 3029 903 3116 περὶ
932 3033 985 3116 τῆς
1009 3025 1187 3116 ttpdeooei
1205 3028 1210 3116 Ι
1229 3033 1280 3116 cqc

159 3270 275 3320 Litterae
292 3269 414 3332 volgares
431 3269 580 3335 dispositae
599 3267 744 3340 οτοιχηδόν.
835 3275 845 3321 4
876 3272 916 3324 ol.
937 3275 996 3333 ttt,
1018 3273 1030 3320 4
1054 3267 1138 3340 (44414
1157 3285 1182 3324 a.
1202 3271 1278 3333 Cbr.)

89 3359 105 3405 4
124 3355 165 3406 lix
182 3355 240 3418 lege
258 3355 331 3419 qood
344 3354 475 3405 citienses
493 3353 622 3420 petebant
639 3356 757 3420 primum
776 3359 886 3407 mustus
904 3355 1039 3421 sullragiis
1057 3355 1210 3408 subiectum
1228 3359 1279 3409 est.

88 3441 142 3491 Sed
161 3441 185 3491 is
203 3440 291 3491 noluit
309 3438 515 3504 probuleumate
534 3440 568 3491 de
587 3440 639 3490 bac
657 3453 686 3490 re
711 3441 869 3503 decernere,
896 3443 980 3493 immo
1005 3443 1137 3507 integram
1162 3455 1221 3492 rem
1245 3442 1280 3494 ad

88 3525 222 3592 populum
240 3525 342 3576 reiecit.
379 3525 468 3587 Quare
487 3527 513 3576 io
532 3525 694 3591 populiscito
713 3539 737 3575 ν.
760 3531 788 3577 44
812 3525 895 3588 ἔδοξεν
913 3525 952 3596 τῷ
969 3524 1045 3596 δήμῳ
1066 3529 1128 3592 (οοο
1146 3527 1179 3598 τῇ
1198 3524 1280 3597 βουλῇ

86 3609 133 3662 sul
150 3609 189 3678 τῷ
201 3607 286 3680 δήμῳ)
312 3612 443 3678 scriptum
467 3615 518 3663 eet.
556 3613 612 3662 lam
638 3625 701 3662 cum
719 3612 876 3663 citiensium
901 3614 1059 3676 interesset,
1085 3612 1205 3663 tabulam
1227 3625 1281 3677 pu·

87 3698 160 3748 blice
183 3697 351 3763 propositam
376 3698 469 3747 testari
491 3697 571 3763 plone
595 3698 713 3761 legitima
741 3699 845 3748 ratione
863 3697 915 3748 sibi
939 3695 1084 3767 ὶῃιτὴοεως
1107 3697 1280 3764 privilegium

87 3795 250 3834 eoncessum
269 3794 338 3844 esse,
358 3785 467 3847 prseter
479 3781 654 3848 plebiscitum
673 3785 753 3834 etiam
773 3783 950 3849 probuleuma
969 3797 1001 3834 ex
1019 3784 1087 3835 actis
1105 3788 1216 3834 senatus
1234 3797 1280 3834 se-

87 3881 153 3919 cum
177 3869 407 3919 communicatum
429 3869 604 3920 incidendum
627 3861 802 3920 curaverunt.
839 3869 868 3920 ld
892 3870 966 3920 enim
991 3869 1125 3920 indicebat
1148 3870 1221 3935 quod
1247 3883 1280 3920 ex

85 3953 223 4019 plebisciti
247 3954 370 4018 exemplo
394 3956 519 4018 cognosci
543 3967 596 4004 non
616 3957 735 4019 poterat,
761 3959 885 4006 senatum
908 3957 988 4006 anwa
1010 3959 1041 4006 ut
1060 3953 1177 4006 debebat
1194 3955 1228 4006 de
1247 3968 1278 4005 ea
1316 3983 1322 3992 ·

86 4052 117 4088 re
136 4037 291 4088 consultum
310 4051 380 4089 esse.
406 4037 445 4089 Cl.
460 4039 491 4092 E.
506 4039 576 4090 lenz
594 4040 643 4090 dos
661 4040 811 4103 synedriou
831 4039 880 4090 der
892 4041 1133 4104 Bundesgenossen
1146 4041 1184 4090 im
1197 4042 1281 4091 zwei·

88 4125 132 4174 teo
152 4123 329 4174 etbenisoben
347 4124 452 4176 Bunde.
478 4123 575 4188 Elbing
596 4129 669 4176 4440.
700 4139 727 4191 p.
744 4127 776 4175 46
789 4137 847 4190 sqq.
869 4127 916 4190 qui
935 4125 1061 4176 relutsvit
1079 4125 1191 4177 Hartelii
1208 4125 1280 4190 (Stu-

86 4209 151 4259 dien
170 4209 240 4260 uber
256 4210 304 4259 att.
324 4211 435 4263 Staetsr.
456 4223 482 4275 p.
498 4211 558 4272 477)
579 4210 612 4260 de
632 4211 683 4262 hac
708 4225 737 4262 re
755 4213 928 4263 sententiam.
965 4211 1005 4262 db
1028 4213 1094 4276 ipsis
1113 4210 1279 4263 Citiensibus

86 4297 194 4360 privato
212 4294 325 4345 consilio
345 4295 413 4346 baec
431 4295 514 4360 lepidi
533 4297 662 4360 inscripta
682 4309 742 4348 esse
761 4309 793 4347 ex
810 4299 1039 4362 praescriptorum
1059 4297 1155 4362 lormn,
1175 4299 1202 4347 in
1216 4299 1280 4362 qui-

85 4380 139 4431 bua
159 4379 303 4444 utrobique
320 4380 425 4432 scribae
439 4395 538 4432 nomen
550 4382 730 4444 desideratur,
750 4381 859 4447 collegit
872 4381 989 4434 lloebler
1002 4383 1116 4434 Hermae
1135 4384 1156 4433 V
1174 4395 1201 4447 p.
1218 4386 1278 4434 444.

85 4471 101 4515 4
121 4465 224 4516 Eadem
242 4467 374 4532 scriptura
393 4471 434 4518 est
451 4481 478 4518 ν.
494 4471 536 4519 44.
552 4471 593 4528 44,
614 4461 732 4520 Kenaios
749 4483 776 4520 ν.
791 4473 833 4518 44.
859 4467 898 4520 Cl.
920 4467 989 4520 4444.
