3138 5050
244 268 284 332 28
753 273 815 327 Pers
832 277 915 339 prior.

286 489 320 540 644
331 477 362 546 ἐς
377 473 424 539 aet
443 475 545 560 βολέν.
563 475 631 562 περὶ
647 475 680 541 δὲ
694 441 727 542 ai
743 477 829 543 ἐλαίο
848 482 897 550 τές
913 471 1049 564 ἄπαρχές
1060 481 1086 523 ¹⁹
1100 473 1326 564 χσυγγράρΙΙσας
1342 473 1433 562 Λάμ-

329 599 384 640 πον
412 574 603 665 ἑπιδειχσάτο
633 585 679 644 τέι
702 582 787 666 βρλέι
809 577 856 645 ἐπὶ
878 584 927 653 τές
943 576 1044 654 ἐνάτες
1058 579 1249 668 πρυτανείας,
1261 576 1294 644 ‘a
1308 580 1341 646 δὲ
1358 579 1430 666 pelte

329 681 360 752 ἐς
381 675 430 744 τὸν
453 683 543 766 depol
567 682 760 768 ἐχσενεγκέτο
783 677 960 768 ἐπάναγκες.

314 925 343 971 48
363 921 562 974 [iubilationem
581 925 667 973 ortam
685 927 777 975 utrum
795 927 967 990 praeceptum
984 923 1027 974 dei
1041 924 1162 989 Delphici
1180 927 1262 976 etiam
1285 924 1320 975 cd
1338 923 1431 974 oleum

242 1007 388 1071 pertineret
400 1020 485 1058 necne
496 1009 614 1058 coniecit
627 1011 670 1072 Μ
690 1024 770 1075 quam
790 1013 819 1060 ut
837 1010 993 1074 discuteret,
1013 1011 1142 1077 Lamponi
1156 1013 1267 1076 propter
1279 1011 1346 1060 iuris
1359 1009 1430 1060 sacri

243 1092 380 1144 scientiam
400 1097 427 1144 et
445 1106 525 1144 usum
546 1095 610 1156 (not.
633 1094 672 1158 44)
694 1097 846 1146 mandetur.

331 1379 376 1448 14
399 1385 516 1448 Tabula
540 1389 703 1450 marmoris
725 1387 800 1467 albi,
826 1388 1069 1468 opisthographa
1095 1383 1134 1468 (A
1157 1387 1191 1448 in
1207 1385 1320 1466 fronte,
1347 1382 1374 1448 B
1398 1389 1430 1447 in

245 1495 334 1566 parte
349 1486 478 1569 postica)
506 1507 587 1568 quae
611 1489 770 1569 quondam
793 1488 952 1552 efficiebat
976 1489 1115 1552 tabulam
1138 1491 1335 1570 superiorem
1357 1507 1431 1550 arae

244 1591 275 1650 in
301 1590 466 1652 ecclesiola
488 1589 550 1651 vici
572 1585 714 1676 Χαρβάτι
735 1595 819 1654 inter
835 1593 1015 1673 Hymettum
1039 1601 1070 1655 et
1090 1593 1283 1654 Pentelicum
1307 1601 1432 1652 montes

244 1693 313 1768 siti;
341 1691 457 1754 deinde
473 1695 607 1756 Parisios
630 1695 780 1756 translata
798 1695 831 1756 in
854 1713 998 1757 museum
1021 1695 1196 1774 publicum.
1233 1691 1320 1756 Aex
1334 1695 1433 1756 Four-

243 1795 342 1857 monti
358 1795 484 1858 schedis
500 1795 552 1858 ed.
570 1797 694 1858 Boeckh
710 1797 743 1858 C.
763 1797 786 1858 I.
805 1798 841 1858 G.
862 1795 913 1875 76,
933 1805 1033 1858 totum
1049 1795 1176 1858 titulum
1192 1796 1340 1878 Rangabe
1355 1797 1431 1858 Ant.

244 1897 324 1959 Hell.
352 1899 424 1958 448.
472 1900 594 1962 Boeckh
616 1898 931 1980 Staatshaushaltung
953 1898 1011 1960 der
1032 1896 1172 1961 Athcner
1194 1901 1220 1960 ll
1243 1920 1274 1980 p.
1293 1901 1334 1960 56
1357 1917 1430 1980 sqq.

244 2000 406 2062 ltirohholi
424 2000 459 2062 C.
485 2003 508 2062 l.
533 1999 597 2062 litt.
623 2002 635 2061 l
659 2002 711 2064 32.
759 2002 896 2062 Frohnor
911 2003 969 2062 Les
985 2001 1188 2082 inscriptions
1203 2001 1364 2085 Grecques
1387 2002 1432 2065 du

244 2103 349 2164 llusee
372 2101 415 2165 du
438 2105 559 2166 Louvre
581 2124 614 2184 p.
641 2105 680 2164 98
704 2123 737 2165 n.
764 2103 815 2164 ti.
864 2102 909 2166 Gi.
935 2122 1017 2184 quae
1040 2103 1080 2166 de
1103 2105 1194 2166 titulo
1216 2115 1434 2184 exposuerunt

245 2203 281 2267 G.
301 2207 457 2268 Hermann
473 2205 555 2267 tiber
569 2207 687 2268 Bttckhs
701 2205 905 2286 liehandlung
928 2205 986 2268 der
1001 2206 1224 2269 Griechischou
1243 2207 1431 2269 Inschriitcn

243 2328 276 2388 p.
304 2309 355 2368 63.
381 2309 442 2371 220
467 2327 538 2389 sqq.
586 2311 624 2370 Μ.
651 2310 687 2368 Η.
717 2311 752 2370 Ε.
779 2310 873 2371 lleier
903 2307 988 2389 apud
1020 2307 1157 2370 eundem
1189 2329 1219 2388 p.
1248 2309 1319 2370 ⁴02.
1356 2309 1429 2372 444.

244 2411 404 2473 Kirohhoii
422 2409 503 2473 tiber
525 2410 577 2473 die
593 2411 747 2474 Urkunde
769 2411 828 2473 der
843 2411 1085 2473 Schatameister
1107 2410 1164 2473 der
1186 2409 1309 2474 andern
1325 2412 1434 2474 Gtitter

243 2509 400 2575 Abhandl.
432 2513 491 2576 der
517 2514 586 2595 Kgl.
619 2511 719 2576 Aland.
746 2533 785 2575 au
808 2515 914 2576 Berlin
938 2513 1019 2574 4864
1051 2533 1082 2593 p.
1110 2517 1128 2574 8
1157 2531 1227 2594 sqq.
1276 2513 1433 2576 Loschclae

243 2617 288 2677 Ilo
311 2617 411 2678 titulis
441 2616 561 2696 aliquot
590 2614 703 2678 Atticis
733 2617 933 2698 quaestiones
958 2615 1125 2678 historicae
1151 2615 1232 2676 4876
1256 2635 1288 2696 p.
1317 2617 1328 2674 l
1358 2633 1430 2696 sqq.

246 2717 406 2779 Kirchbnff
426 2719 486 2779 Zur
516 2717 701 2781 Gesohiebte
735 2717 792 2780 des
821 2717 1034 2780 Athenischcu
1065 2717 1328 2797 Staatsschatzes,
1367 2716 1435 2779 Ab·

244 2819 352 2880 handl.
380 2817 437 2881 der
458 2819 527 2900 Kgl.
553 2817 655 2882 Akad.
681 2839 719 2883 zu
741 2819 847 2883 Berlin
872 2819 953 2882 4876
977 2839 1009 2900 p.
1035 2821 1069 2880 st
1098 2839 1168 2901 sqq.

816 3038 855 3104 A.

328 3167 496 3262 [Ἔβοχσεν
519 3180 565 3240 set
587 3177 672 3261 βολέι
693 3177 744 3241 καὶ
766 3179 813 3242 cot
835 3177 930 3262 δέρει,
957 3174 1104 3262 linquat<
1127 3171 1317 3262 ἐπρυτάνευε,
1345 3175 1434 3242 Μνε-

331 3278 432 3350 attiae<
454 3273 695 3364 alfflpcppoiceoe,
721 3275 868 3352 Erindes<
891 3275 1051 3344 ἐπεστάτε·
1077 3275 1213 3352 Καλλίας
1243 3277 1326 3344 elate·
1353 3277 1432 3344 ἀπο-

331 3383 417 3445 taret
437 3382 498 3452 τοῖς
514 3381 596 3454 θεοῖς
616 3379 620 3466 i
638 3377 689 3466 [τρὶ
711 3383 851 3468 χρέματα
880 3377 917 3446 τὰ
940 3376 1121 3467 ὄφελόρενα,
1149 3381 1249 3448 ἐπειδὲ
1275 3387 1321 3447 τέι
1339 3379 1432 3447 Ἀθε-

316 3623 430 3674 Littcrae
448 3621 570 3686 volgares
590 3622 691 3674 Atticae
714 3623 815 3674 incisae
835 3619 979 3694 esequiti.
1004 3649 1034 3659 -
1058 3623 1144 3673 Partis
1166 3623 1271 3674 anticae
1289 3624 1432 3676 decretum

246 3708 296 3762 sub
319 3708 402 3758 finem
426 3709 490 3758 anni
509 3707 589 3772 paulo
608 3711 669 3758 ante
688 3705 850 3779 ἀρχαιρεσίας
869 3708 969 3759 tactum
986 3709 1074 3772 arguit
1090 3722 1116 3759 v.
1133 3711 1173 3761 lt.
1211 3707 1281 3760 llum
1299 3723 1364 3761 vero
1383 3721 1434 3760 an·

246 3807 312 3846 num
329 3793 445 3845 alterum
463 3793 631 3859 Olympiadis
648 3793 763 3845 alicuius
788 3793 871 3845 luisse
890 3793 953 3844 inde
976 3793 1145 3858 collegerunt
1161 3795 1189 3846 li.
1210 3793 1252 3856 K„
1278 3795 1352 3860 quod
1376 3799 1432 3846 tam

246 3893 341 3946 gravas
365 3881 529 3930 mutationes
547 3881 573 3930 ln
598 3879 832 3930 administratione
857 3879 1035 3944 pecuniarum
1059 3891 1196 3930 sacrarum
1218 3881 1434 3932 consentaneum

245 3966 281 4016 sit
298 3965 332 4016 ab
356 3977 426 4016 novo
450 3963 628 4029 quadriennio
646 3965 843 4019 Panathenaico
862 3965 970 4014 initium
987 3965 1101 4030 cepisse.
1140 3965 1282 4016 Decretum
1301 3960 1324 4017 B
1342 3965 1434 4031 paullo

247 4053 322 4116 post,
349 4051 414 4100 inito
440 4051 493 4101 iam
517 4052 596 4101 tertio
619 4051 787 4116 Olympiadis
804 4061 875 4100 anno
894 4053 1017 4113 rogatum
1035 4053 1089 4110 est,
1117 4063 1179 4100 narn
1203 4051 1249 4102 hio
1272 4054 1432 4115 quaestores

247 4137 311 4186 novi
330 4137 383 4185 iam
401 4137 428 4186 in
448 4148 560 4186 munere
579 4139 651 4187 sunt.
684 4137 756 4197 Quos
769 4147 854 4186 annos
866 4147 929 4186 cum
942 4135 1092 4186 linaclrlrins
1111 4135 1234 4198 (Staatah.
1249 4138 1260 4186 l
1273 4149 1300 4201 p.
1314 4141 1363 4187 487
1377 4137 1428 4202 sq.)

247 4220 287 4272 04.
308 4225 349 4283 to,
371 4225 385 4269 4
404 4218 488 4288 (tiele
507 4235 533 4272 e.
553 4221 627 4284 Chr.)
647 4225 674 4272 et
692 4224 752 4281 aaa
774 4218 858 4288 [44844
871 4233 895 4272 a.
911 4221 984 4284 Chr.)
1005 4233 1064 4272 esse
1083 4223 1231 4283 statuisset,
1250 4221 1433 4274 Kirclrhoiliue

246 4305 442 4357 demonstravit
459 4321 491 4356 cx
509 4308 548 4358 eie
573 4319 641 4370 qnae
660 4308 679 4357 B
697 4306 900 4371 dependendis
919 4310 946 4358 et
963 4307 1140 4358 numerandis
1151 4307 1233 4358 rebus
1251 4309 1336 4359 sacrm
1354 4321 1433 4373 prae-

247 4392 400 4456 cipiuntur,
426 4393 502 4444 initio
523 4391 678 4442 tabularum
696 4392 871 4446 traditionum
889 4405 958 4458 quae
977 4395 1076 4454 eatam,
1102 4395 1119 4444 i.
1141 4407 1165 4444 e.
1186 4391 1226 4445 ot:
1247 4396 1289 4454 aa,
1310 4398 1324 4444 8
1345 4392 1432 4456 (tatia
