3086 5066
267 337 329 398 574
768 333 832 386 Pars
848 333 942 386 εΙιετε.
1389 335 1451 400 [888

353 537 427 624 ίεροί
455 535 522 611 τοθς
550 534 675 623 ἐγγύους
702 533 775 602 αύτδ
803 537 856 602 καί
885 534 918 602 τὸ
945 529 1054 622 ἥμισυ,
1091 533 1129 602 τά
1158 537 1192 602 δέ
1217 533 1341 624 θύματα
1363 533 1451 604 αύτοὶ

350 636 526 728 παρεχάντω
554 638 605 706 καί
632 636 690 706 ἀπὸ
717 644 774 706 τῶν
795 641 991 727 πραχθέντων
1015 634 1168 727 διαφόρων
1190 637 1426 726 κομισάσθωσαν
1445 643 1449 727 Ι

349 741 403 812 τάν
430 745 591 830 γενομέναν
622 740 756 808 δαπάναν
783 744 826 817 είς
847 739 886 809 τὰ
907 737 1040 828 θύματα.
1085 741 1274 830 Τεχνιτῶν
1300 745 1357 817 είς
1382 741 1449 818 τὰς

349 848 500 934 χοριτεί
506 871 558 920 ας.
584 848 612 912 οἱ
628 846 702 935 ίεροί
716 842 931 934 προγραφόντω
946 841 1012 910 κατ’
1032 843 1166 911 ἐνιαυτὸν
1182 843 1251 920 τούς
1273 843 1451 934 λειτουργή-

350 975 454 1023 σοντας
469 949 500 1015 ἔν
519 947 525 1037 Ι
544 974 577 1014 τε
597 950 662 1022 ταῖς
683 951 805 1022 θυσίαις
826 947 878 1014 καί
901 949 1072 1034 μυστηρίοις
1094 944 1227 1034 αύλητάς
1248 948 1302 1016 καί
1324 951 1449 1037 κιθαρι-

352 1051 438 1135 στάς,
469 1043 558 1125 θσους
586 1077 627 1118 κα
648 1048 822 1139 εύρίσκωντι
844 1048 985 1125 εὐθέτους
1008 1047 1212 1138 ὑπάρχοντας,
1246 1050 1298 1117 καί
1321 1054 1350 1116 οἱ
1370 1077 1450 1140 προ-

308 1169 340 1218 75
351 1157 512 1243 γραφέντες
540 1149 771 1241 λειτουργούντω
785 1154 796 1242 ΙΙ
810 1155 871 1228 τοῖς
900 1155 993 1227 θεοῖς.
1036 1151 1304 1240 Ἀδικημάτων.
1352 1150 1389 1221 ἂν
1413 1156 1448 1220 δέ

349 1285 393 1332 τις
416 1257 534 1330 ἐντοῖς
562 1254 699 1343 ἁμέραις,
736 1261 767 1323 ἐν
801 1255 850 1330 αἶς
879 1255 914 1322 αἵ
939 1281 972 1322 τε
1003 1257 1109 1322 θυσίαι
1141 1257 1193 1322 καί
1224 1252 1263 1323 τά
1296 1257 1448 1346 μυστήρια

349 1363 489 1447 γίνονται,
516 1357 593 1425 ἀλῶι
613 1357 674 1424 εἴτε
695 1355 842 1446 κεκλεβιδς
864 1356 924 1425 εἴτε
946 1351 1021 1424 ἄλλο
1043 1383 1073 1424 τι
1093 1358 1237 1446 ἀδίκηΙμα
1257 1359 1444 1446 πεποιηκώς,

350 1461 471 1550 ἀγέσθω
499 1463 548 1529 ἐπί
573 1459 642 1536 τούς
666 1457 777 1550 ίερούς,
809 1459 861 1527 καί
888 1459 904 1526 δ
936 1461 989 1546 μὲν
1016 1458 1176 1548 ἐλεύθερος
1203 1456 1241 1528 ἀν
1269 1466 1449 1550 κατακριθεῖ

350 1563 512 1632 ἀποτινέτω
538 1568 675 1647 διπλοῦν,
708 1560 724 1630 δ
755 1564 788 1630 δέ
818 1567 924 1636 δοῶλος
946 1560 1158 1650 μαστιγούσθω
1179 1564 1232 1631 καί
1255 1562 1446 1633 ἀποτεισάτω

349 1669 478 1754 διίπλοῶν
500 1665 534 1732 τὸ
556 1669 685 1753 κλέμμα,
710 1673 769 1733 τῶν
792 1667 826 1732 δέ
849 1660 948 1732 ἀλλων
971 1663 1163 1753 ἀδικημάτων
1184 1669 1330 1754 ἐπιτίμιον
1345 1673 1446 1756 δραχ-

350 1768 407 1857 μάς
429 1769 538 1836 εἴκοσι·
571 1765 607 1836 ἀν
631 1770 664 1836 δέ
694 1768 735 1856 μὴ
759 1772 867 1836 ἐκτίνει
895 1773 1095 1857 παραχρῆμα,
1120 1767 1281 1856 παραδότω
1304 1768 1320 1836 ὁ
1342 1769 1447 1858 κύριος

346 1872 397 1940 τὸν
413 1875 529 1939 οίκέταν
544 1879 597 1938 τῶι
619 1868 804 1958 ἀίδικηθίντι
826 1874 869 1946 είς
892 1869 1089 1959 ἀπεργασίαν,
1116 1875 1143 1938 εί
1167 1873 1200 1938 δέ
1224 1870 1277 1960 μή,
1303 1867 1446 1948 ύπύδικος

348 1977 425 2042 έστω
447 1977 514 2042 ποτί
537 1980 668 2042 διπλοῦν.
716 1973 817 2062 Περί
839 1980 908 2040 τῶν
930 1971 1148 2041 κοπτόντων
1171 1976 1208 2040 ἐν
1231 1981 1296 2042 τῶι
1320 1978 1443 2064 ίερῶι.

350 2080 457 2166 μηθείς
479 2080 612 2144 κοπτέτω
634 2081 668 2143 ἐκ
689 2083 741 2145 τοῶ
765 2080 847 2166 ἱεροῶ
868 2074 1009 2144 1610039·
1036 2073 1097 2158 Ιθν
1119 2080 1153 2144 δέ
1174 2103 1219 2152 τις
1241 2075 1326 2162 ἃλῶι,
1352 2076 1446 2166 ὃμὲν

349 2187 455 2256 δοῶλος
478 2178 690 2268 μαστιγούσθω
713 2177 769 2246 ῶπδ
791 2185 850 2246 τῶν
875 2182 973 2268 ἱερῶν,
1000 2177 1066 2246 δδέ
1081 2178 1241 2268 ἐλεύθερος
1257 2178 1446 2249 ἀποτεισάτω

307 2298 339 2350 80
350 2278 421 2352 δσον
454 2311 493 2350 κα
524 2288 553 2350 οί
584 2285 659 2372 ίεροί
687 2284 888 2371 ἐπικρίνωντι·
923 2280 939 2348 δ
971 2282 1005 2348 δέ
1026 2280 1174 2370 ἐπιτυχῶν
1198 2279 1297 2370 ἀγέτω
1310 2283 1321 2374 Ιί
1335 2281 1448 2360 αύτούς

348 2389 398 2454 ἐπί
427 2387 494 2463 τοθς
525 2385 622 2475 ίεροθς
643 2387 694 2453 καί
717 2387 895 2474 λαμβανέτω
917 2383 950 2452 τὸ
971 2377 1076 2472 ἥμισυ.
1131 2381 1304 2472 Φύγιμον
1333 2387 1446 2474 εἶμεν

348 2493 426 2564 τοῖς
449 2486 617 2564 δούλοις.
669 2491 730 2564 τοῖς
758 2485 878 2582 δούλοις
907 2484 1035 2577 φύγιμον
1063 2489 1140 2554 ἔστω
1161 2485 1196 2554 τὸ
1220 2485 1309 2576 ίερύν,
1338 2489 1447 2566 καθιδς

349 2590 384 2661 ἀν
418 2597 446 2659 οί
482 2593 556 2682 ίεροί
575 2593 580 2680 Ι
601 2591 791 2666 ἀποδείξαντι
822 2589 872 2658 τὸν
905 2589 1005 2672 τύπον,
1042 2589 1093 2657 καί
1115 2591 1223 2677 μηθείς
1246 2588 1445 2682 ύποδεχέσθω

347 2695 416 2772 τούς
445 2699 592 2784 δραπέτας
622 2695 699 2782 μηδὲ
728 2695 917 2764 σιτοδοτείτω
944 2694 1022 2780 μηδὲ
1050 2695 1125 2780 ἔργα
1151 2696 1326 2782 παρεχέτω·
1362 2692 1379 2762 δ
1410 2700 1446 2762 δε

347 2805 441 2866 ποιῶν
462 2795 546 2886 παρὰ
567 2795 605 2864 τά
626 2797 828 2886 γεγραμίμένα
851 2793 989 2871 θπύδικος
1011 2797 1088 2862 ἔστω
1110 2802 1166 2861 τῶι
1186 2799 1295 2884 κυρίωι
1315 2803 1369 2872 τᾶς
1390 2806 1446 2865 τοῦ
1536 2827 1537 2840 ¹

348 2900 485 2988 σώματος
508 2897 590 2974 ἀξίας
613 2901 772 2974 διπλασίας
786 2899 838 2966 καί
860 2902 1008 2985 ἐπιτιμίου
1030 2903 1169 2986 δραχμῶν
1191 2907 1400 2980 πεντακοσιῶν,
1427 2899 1444 2968 ὅ

348 3006 382 3071 δέ
411 3002 505 3091 ἱερεύς
534 3003 719 3090 ἐπικρινέίτω
745 3003 813 3090 περί
841 3009 900 3068 τῶν
927 3006 1111 3089 δραπετικῶν
1141 2997 1208 3068 ὅσοι
1236 3027 1276 3068 κα
1297 2997 1387 3088 ἧνται
1409 3006 1445 3069 ἐκ

347 3112 399 3181 τᾶς
422 3103 569 3194 ἁμετέρας
589 3102 714 3188 πόλεος,
739 3105 791 3171 καί
811 3099 901 3179 θσους
922 3129 963 3170 κα
983 3107 1173 3191 κατακρίνει,
1197 3102 1359 3192 παραδότω
1380 3111 1446 3180 τοῖς

347 3211 474 3296 κυρίοις·
503 3203 539 3274 ἀν
563 3208 596 3274 δέ
620 3203 660 3294 μὴ
683 3211 872 3296 παραδιδῶι,
905 3209 1039 3294 ἐθέσίίτω
1060 3211 1113 3272 τῶι
1134 3208 1241 3294 κυρίωι
1263 3203 1445 3296 ἀποτρέχειν

349 3314 458 3400 ἔχοντι.
492 3310 587 3398 Περί
609 3317 673 3384 τῶς
695 3307 852 3398 κράνας.
884 3315 937 3384 τῶς
960 3311 993 3375 δέ
1015 3306 1126 3397 κράνας
1148 3316 1200 3384 τῶς
1216 3307 1446 3398 ῶνο<ι>μασμέ-

305 3428 337 3480 85
348 3439 401 3490 νας
425 3413 475 3480 διὰ
497 3419 554 3479 τῶν
578 3411 714 3501 ἀρχαίων
737 3408 895 3502 ἐγγράφων
916 3409 1059 3498 Ἁγνῶςί0
1080 3411 1132 3478 καί
1146 3417 1199 3478 τοῦ
1213 3413 1445 3500 γείγελίΙνημένου

346 3518 413 3582 ποτί
435 3523 485 3582 τᾰι
506 3513 614 3604 κράναι
635 3511 806 3603 ἀγάλματος
827 3512 881 3580 τὰν
905 3516 1077 3600 ἐπιμέλειαν
1100 3516 1196 3602 ἐχέτω
1214 3514 1445 3602 Μνασίστρατος

348 3623 405 3694 ἕως
423 3615 457 3686 ἀν
473 3621 528 3699 ζεῖ,
546 3619 597 3684 καί
613 3621 763 3707 μετεχέτω
780 3613 855 3704 μετά
870 3623 925 3682 τῶν
943 3619 1030 3704 ίερῶν
1053 3623 1106 3684 τῶν
1128 3643 1161 3684 τε
1182 3619 1299 3706 θυσιΙδιν
1314 3619 1444 3684 καὶτῶν

350 3723 527 3810 μυστηρίων,
553 3721 605 3788 καί
627 3716 685 3789 ὅσα
705 3747 746 3787 κα
767 3723 797 3786 οί
827 3715 949 3794 θύοντες
970 3720 1038 3786 ποτί
1058 3726 1109 3786 τᾶι
1129 3717 1238 3808 κράναι
1258 3726 1445 3808 τραπεζῶντι

278 3875 281 3884 .
347 3826 478 3893 καὶτῶν
500 3822 642 3911 θυμάτων
664 3822 702 3889 τά
730 3825 864 3910 δέρματα
888 3823 1068 3911 λαμβανέτω
1090 3822 1332 3912 Μνασίστρατος.
1358 3823 1363 3914 Ι
1382 3831 1445 3890 τῶν

346 3954 379 3996 τε
407 3924 559 4015 διαρύρων
587 3923 646 3994 ὅσα
675 3952 715 3992 κα
738 3928 767 3992 οἱ
788 3922 912 4000 θύοντος
933 3927 1000 3992 ποτί
1022 3932 1072 3992 τῶι
1093 3923 1202 4014 κράναι
1222 3928 1399 4014 προτιθῆντι
1422 3922 1444 4014 ἢ

331 4210 363 4258 δυ
382 4205 420 4257 Cf.
442 4208 501 4266 859,
522 4207 536 4254 δ
555 4215 615 4270 sqq.
705 4205 736 4252 ίυ
755 4203 794 4254 Cf.
815 4203 893 4254 Paus.
914 4203 956 4266 IV,
978 4207 1019 4264 33,
1041 4207 1070 4253 5:
1097 4199 1165 4272 ὕδωρ
1184 4201 1212 4254 δὲ
1228 4200 1321 4256 ἀνεισιν
1339 4201 1371 4255 ἐκ
1388 4221 1446 4274 πιρ-

261 4295 309 4362 γῆς
326 4289 395 4360 παρὰ
410 4288 439 4341 τδ
457 4286 561 4360 ἀγαλμο
581 4295 628 4350 (ευ.
646 4287 676 4341 τδ
692 4293 739 4356 τῆς
754 4283 873 4358 Ἀγνῆς).
901 4289 1006 4353 scripta
1023 4289 1131 4353 antiqua
1149 4291 1208 4340 sine
1225 4288 1309 4340 dublo
1327 4303 1359 4340 εο
1377 4297 1446 4341 sunt

261 4391 332 4443 quae
350 4375 470 4442 ΕρὶῑεΙεε
487 4377 608 4441 repperit
625 4375 690 4438 (not.
701 4375 740 4438 2);
760 4376 787 4424 in
806 4376 846 4426 εἰε
861 4365 954 4444 Ἃγνᾶς
970 4371 1066 4443 κρένα,
1086 4385 1140 4426 σου
1158 4371 1223 4445 ἁγνοὶ
1239 4372 1336 4442 κράνα,
1355 4374 1445 4427 tuisse

260 4465 473 4514 consentaneum
491 4465 542 4514 ost.
578 4461 605 4514 S.
1407 4457 1421 4480 ⁶
