3084 5052
216 285 280 350 396
720 286 782 337 Pars
799 287 883 352 prior.
1307 286 1404 350 [ast—

300 493 406 574 τιαιιῆς
435 490 568 576 βουλῆς2
595 487 745 576 Τιβ44ριος)
767 484 918 563 Κλαύδιος
937 487 943 576 Ι
963 485 1025 562 υ4ὸς
1051 483 1190 563 ιιιίλεσις3
1219 485 1403 578 Κλεόμαχος

274 593 481 680 οιριλοιιαῖσαρ
503 589 555 659 aa!
576 588 751 680 φιλόπατρις
765 591 775 679 ll
791 591 1023 678 Νσιιιοιτολσίτρς
1051 587 1084 658 τὸ
1108 588 1292 678 σίνιὶλημμα4
1313 589 1348 660 τό
1370 617 1404 660 τι

301 695 362 760 ἔσιυ
384 691 418 761 τὸ
441 693 497 762 ὑπὸ
518 691 586 770 τοὺς
605 695 609 784 Ι
631 693 807 783 ἀνδριάντας
834 694 887 762 καὶ
913 691 947 762 τὸ
976 693 1088 767 ἔξωθεν
1115 694 1258 782 ἐποίησαν
1289 698 1323 764 λιι
1345 699 1403 763 τιῖν

185 821 188 836 ’
301 803 353 866 τοῒι
376 798 503 886 [lulittae
521 795 705 872 ’Λπόλλωνος
727 794 822 866 τόκων
844 798 896 864 ιια4
917 793 1083 885 προςόδαιν.

215 1087 242 1140 p.
258 1075 300 1138 84)
320 1075 421 1126 indicio
439 1079 488 1128 ast.
563 1081 572 1126 4
595 1075 633 1126 λλ)
651 1075 771 1141 Anguste
789 1060 990 1140 Nicopolitanos
1008 1073 1251 1140 Amphictyonibus
1268 1075 1405 1142 ascriptos

214 1171 285 1223 esse,
305 1163 386 1227 atqua
404 1162 574 1228 sicquidem
598 1165 629 1213 ut
650 1175 697 1214 sex
718 1161 843 1226 suffragia
866 1160 1013 1229 haberant„
1038 1163 1156 1226 quantus
1174 1173 1304 1212 numerus
1321 1174 1408 1228 prac-

217 1245 291 1296 terea
310 1245 374 1298 solia
392 1245 586 1318 Macedonibus
608 1250 634 1298 et
651 1247 785 1300 Thessalis
802 1245 920 1298 tributus
939 1249 988 1308 est,
1009 1247 1156 1299 Pausanias
1173 1247 1208 1308 x,
1229 1251 1253 1307 4,
1276 1249 1290 1296 4
1308 1246 1405 1300 nalem.

215 1330 305 1392 Quare
324 1345 377 1382 noa
395 1333 557 1386 mirabimur
574 1333 619 1385 blc
637 1334 696 1384 eius
714 1331 790 1384 urbis
807 1334 895 1385 civem
913 1333 961 1383 toti
979 1334 1125 1384 conventui
1143 1345 1279 1398 praeesse.
1318 1335 1348 1384 ln
1367 1335 1408 1384 ti-

216 1416 273 1467 tulo
291 1430 379 1483 nuper
396 1419 506 1472 invento
529 1419 607 1485 (Ball.
627 1419 661 1472 de
683 1431 754 1471 corr.
781 1418 850 1472 Hall.
873 1419 907 1469 Vl
931 1432 959 1484 p.
979 1420 1027 1470 444
1047 1431 1074 1469 ιι.
1095 1419 1136 1482 st)
1157 1419 1226 1471 alins
1244 1416 1407 1490 ἐπιμελητὴς

214 1506 267 1553 τῶν
285 1498 472 1574 ’Appenninos
491 1508 662 1569 recensetur,
689 1506 754 1556 item
776 1504 989 1572 Nicopolitaaus.
1026 1503 1192 1570 Epimeletae
1216 1506 1297 1556 eiiam
1316 1505 1408 1556 lebas

216 1591 276 1639 844.
297 1591 356 1640 844.
377 1592 427 1641 att
457 1595 528 1652 sunt,
560 1591 609 1643 sed
639 1604 703 1641 num
735 1591 808 1642 idam
837 1591 1010 1654 magistratus
1039 1589 1197 1666 designetur
1223 1604 1277 1642 non
1305 1589 1402 1656 liquet.

217 1676 233 1722 a
251 1673 355 1735 Quibus
372 1675 439 1727 locis
458 1689 571 1740 magnae
589 1677 670 1728 leriae
688 1677 746 1728 ilari
761 1675 892 1737 solebant,
913 1675 950 1726 lbi
962 1686 1037 1726 sacra
1050 1676 1166 1727 concilia
1178 1677 1300 1728 instituta
1313 1681 1403 1738 arant,

215 1772 287 1824 quae
305 1763 442 1826 caverent,
463 1773 498 1813 ne
516 1763 583 1828 quid
600 1763 628 1813 in
646 1762 818 1814 caerimoniis
836 1761 962 1828 ludisque
979 1761 1150 1812 omitteretur
1168 1765 1214 1813 aut
1230 1764 1403 1828 peccaretur.

216 1843 358 1898 itiusmodi
376 1845 426 1898 fuit
443 1847 581 1914 Olympiae
598 1843 774 1917 ἡὈλυμπιιιὴ
794 1843 875 1916 βουλὴ
893 1846 1049 1913 trequentes
1065 1848 1138 1912 apud
1150 1848 1312 1900 Pausaniam
1330 1851 1358 1900 et
1375 1849 1408 1898 in

217 1929 302 1982 titarlia
329 1936 549 1996 commemorata,
577 1933 705 1986 Eleusina
731 1931 750 2002 ἡ
777 1929 832 2002 ἱερὰ
856 1929 976 2003 γερουσία
1006 1933 1043 1996 (C.
1070 1933 1090 1986 1.
1116 1933 1171 1985 nte.
1196 1933 1405 1996 illicacta).

217 2017 232 2063 a
251 2015 292 2068 ci.
308 2017 344 2078 fi.
360 2017 510 2070 Hirschfeld
523 2019 675 2072 zeitschrilt
687 2018 704 2070 4.
720 2019 748 2071 d.
762 2021 857 2071 detera.
873 2019 1036 2084 Gymnaaien
1056 2021 1122 2070 4444
1139 2032 1166 2084 p.
1184 2022 1242 2072 444.
1315 2019 1408 2070 ildu-

217 2113 263 2151 σοι
280 2100 449 2156 substractos
468 2106 527 2157 iuro
544 2106 735 2170 interpretatur
753 2103 781 2156 C.
801 2099 952 2170 provocans
975 2103 1010 2156 ad
1032 2104 1062 2156 C.
1083 2106 1103 2155 l.
1124 2106 1155 2156 G.
1182 2107 1246 2154 titt
1274 2099 1305 2157 ll.
1326 2099 1406 2157 λιτί-

216 2203 269 2245 νιος
286 2183 410 2258 Πρτῖσιιος
427 2184 620 2248 ’λουουσντιανὸς
636 2217 672 2227 -
687 2187 733 2247 τὰς
756 2187 890 2258 ἀναβάσεις
912 2188 957 2242 οιαὶ
979 2187 1011 2242 τὰ
1033 2186 1206 2258 ἀναλήμματα
1224 2185 1274 2241 ὑπὸ
1291 2195 1406 2258 σεισμῶν

215 2270 260 2324 aul
276 2270 447 2344 παλαιότητος
464 2272 632 2346 διαλιλυμόνα
649 2271 825 2328 immaduerat.

1249 2481 1405 2490 .-.--ι-

307 2633 373 2702 281
397 2637 485 2702 Basia
500 2657 519 2700 a
535 2639 661 2701 sinistra
674 2635 779 2734 baete,
806 2639 937 2700 inventa
951 2635 1128 2719 Olympiae.
1167 2636 1216 2699 Ex
1237 2635 1274 2698 ll.
1293 2635 1407 2700 Weilii

216 2739 399 2822 apographo
435 2739 522 2803 edidi
554 2737 833 2822 Archaeclogischc
867 2743 933 2822 Ztg.
976 2739 1100 2803 XXXVI
1138 2737 1242 2824 (4878)
1279 2759 1313 2821 p.
1341 2739 1398 2802 404

219 2861 253 2906 n.
274 2841 346 2904 474.

302 3023 349 3092 Ὁὶ
375 3025 426 3092 ἐπὶ
454 3033 507 3094 τοῦ
537 3029 704 3116 διυτέρρυῑ
734 3025 793 3094 ἀπὸ
820 3034 873 3116 τῆς
905 3013 1082 3116 [thmvocll
1104 3025 1258 3115 Καίσαρος
1279 3027 1407 3114 pulpa,

305 3129 375 3216 μίας
402 3132 538 3198 ἐνιαυτοῦ
567 3127 714 3217 θροιιόλοι
735 3133 864 3218 Νέκρος)
881 3127 1011 3206 Ἰοόνιος
1031 3126 1205 3211 Ἐπίνικος,
1231 3127 1403 3218 Μ[-....ρ

305 3269 362 3315 ·-,
388 3229 561 3318 Διολνόσιος,
587 3235 637 3302 Διὶ
654 3232 805 3322 Ὀλυμπίῳ
828 3231 1018 3320 dessecavit
1031 3238 1054 3298 ³.

288 3475 403 3528 Litterae
421 3477 498 3530 ant.
595 3482 605 3528 4
627 3477 765 3544 supplevi,
785 3475 850 3543 qula
868 3475 1004 3530 Naronem
1024 3475 1090 3540 (not.
1111 3476 1135 3540 t)
1157 3477 1263 3527 constan
1279 3489 1351 3529 anno
1370 3479 1403 3526 47

218 3560 323 3626 p.'Cbr.
344 3563 538 3614 cantaminibus
557 3563 702 3630 olympicis
720 3561 883 3624 interfuisse,
905 3563 941 3613 lta
959 3565 990 3612 nt
1005 3560 1076 3622 ultra
1093 3560 1209 3614 alteram
1226 3575 1329 3614 annum
1344 3576 1405 3616 mos

215 3645 251 3696 ab
275 3647 334 3699 eius
355 3647 474 3700 adventu
501 3649 662 3702 numerandi
684 3662 794 3700 manera
820 3661 876 3702 non
898 3647 1024 3714 potuerit
1061 3647 1130 3699 Nam
1156 3649 1218 3714 post
1234 3649 1406 3714 imperatoria

216 3731 329 3784 caedam
350 3733 452 3798 (meuse
471 3735 549 3786 lunio
572 3749 597 3787 a.
624 3737 654 3785 44
673 3747 700 3800 ρ.
721 3733 794 3799 Chr.)
818 3747 881 3786 aum
904 3735 995 3785 statim
1019 3731 1150 3785 abolitum
1174 3745 1234 3808 esse
1258 3740 1405 3788 consenta-

218 3830 301 3869 neum
319 3821 368 3872 ast.
407 3819 445 3871 De
463 3819 629 3887 Olympiadis
653 3819 855 3872 ducentesimae
880 3819 1042 3872 undecimae
1061 3821 1146 3871 sacris
1164 3823 1192 3870 et
1209 3822 1404 3875 cantaminibus

216 3902 331 3955 Neronia
349 3905 424 3956 lassu
442 3904 531 3957 dilatis
549 3904 583 3958 cl.
603 3906 719 3958 lllrican.
739 3907 811 3972 apud
829 3904 929 3959 Euseb.
951 3906 961 3956 l
978 3919 1005 3971 p.
1017 3909 1067 3955 444
1085 3905 1217 3958 schoeno.
1253 3905 1284 3959 G.
1304 3907 1404 3959 Hertz-

218 3989 284 4055 berg
303 3989 400 4042 nasah.
421 3989 635 4044 Griccbanlands
652 3993 733 4043 untar
750 3992 777 4045 d.
798 3993 914 4044 Rdmarn
939 3992 963 4042 ll
980 4004 1007 4056 p.
1029 3993 1089 4044 444.
1178 3991 1315 4044 unomen
1334 4006 1404 4046 con-

217 4075 290 4126 sulto
309 4087 417 4128 erasum
436 4079 484 4128 ast
520 4077 655 4130 Neronem
678 4091 763 4144 quam
787 4077 899 4129 bonnae
917 4075 1035 4128 ambitus
1053 4076 1169 4139 indicat,
1190 4081 1248 4128 tum
1266 4091 1310 4130 res
1328 4081 1401 4145 ipsa;

218 4172 280 4210 nam
299 4173 332 4211 aa
349 4163 390 4212 als
409 4162 619 4228 imperatoribus
643 4175 760 4230 quorum
783 4147 914 4215 memoria
935 4163 1063 4215 damnata
1082 4165 1124 4215 ast
1140 4165 1278 4214 neminem
1295 4169 1404 4231 praeter

218 4243 295 4296 illum
313 4246 454 4312 olympiae
472 4247 556 4301 falsae
575 4249 704 4300 traditum
722 4249 769 4300 aut
786 4248 918 4301 credibile
936 4250 985 4300 ast.
1071 4253 1085 4300 4
1105 4253 1127 4304 Α
1145 4252 1172 4302 in
1191 4253 1309 4302 extrema
1328 4255 1403 4317 parte

216 4329 316 4465 garira
334 4331 440 4396 lapidis,
460 4335 506 4400 qui
524 4335 571 4386 bio
589 4335 691 4400 integer
708 4337 760 4398 eat,
788 4337 919 4402 scriptam
943 4336 1010 4401 quid
1027 4335 1080 4388 sibi
1098 4335 1162 4389 vallt
1185 4335 1333 4388 admodum
1352 4339 1406 4391 du·

236 4415 292 4466 ium
311 4419 361 4469 ast.
