3110 5056
119 332 181 394 484]
286 333 331 382 lll.
357 332 396 382 Ab
415 331 557 382 Alexandri
576 333 663 395 Magni
681 333 817 384 mcrteed
837 333 993 384 Corinthum
1012 335 1137 386 deletam.
1236 339 1295 401 261

176 535 320 620 5μυρίοις
330 539 351 617 ³,
393 530 554 621 Φύλαρχον
576 533 586 620 lt
607 531 808 620 Λυσικράτους
843 532 1021 622 Ἀθηναῖον4
1045 541 1048 621 l
1071 536 1209 625 πρόξενον
1246 541 1297 606 καὶ

205 633 362 722 εὐεργέτην
380 637 382 720 λ
400 635 480 702 εἶναι
498 634 648 724 Ἀρκάδων
669 634 786 703 πάντων
804 638 808 720 λ
826 635 914 705 αὐτὸν
937 639 988 704 καὶ
1010 642 1105 725 γένος.

489 791 691 876 δαριυργυλ
714 791 795 856 οἵδε
817 784 922 876 ἦσαν·

161 943 194 991 itt
379 925 562 1014 Τεγεᾶται
835 927 1042 1016 Κυνούριοι

358 1032 511 1118 Φαιδρέας
820 1029 1006 1118 Τιμοκράτης

354 1129 580 1219 Ἀριστοκράτης
820 1128 993 1220 Καλλικλῆς

358 1235 512 1322 Νίκαρχος
819 1233 963 1323 Λαφάνης

358 1337 539 1422 Ξενοπείθης
825 1335 888 1411 .άις

357 1439 583 1525 Λαμοκρατίδας
816 1439 890 1513 Σάις

378 1537 579 1608 Μαινάλιοι
824 1540 1062 1630 Ὀρχομένιοι

354 1637 451 1728 Ἀγίας
817 1643 964 1730 Εὐγείτων

119 1803 249 1811 -—

112 1889 238 1952 tempore
256 1885 285 1935 bi
302 1885 393 1950 populi
412 1886 548 1936 societatis
565 1885 698 1936 Arcadum
715 1887 859 1952 participes
874 1889 974 1950 essent,
994 1887 1042 1938 sed
1056 1889 1165 1938 omnino
1178 1891 1294 1940 reicien-

111 1973 178 2022 dam
197 1983 256 2021 esse
275 1971 396 2020 Foucarti
415 1973 509 2021 aetatis
528 1969 722 2023 definitionem.
759 1971 826 2022 Nam
849 1985 919 2022 anno
945 1974 992 2021 884
1016 1986 1041 2022 a.
1061 1971 1123 2023 Chr.
1161 1973 1292 2038 Lepreum

114 2059 142 2107 in
161 2055 289 2107 Eleorum
313 2059 443 2120 potestate
467 2055 564 2116 luisse,
591 2069 749 2107 concessum
773 2059 812 2107 eis
834 2069 849 2106 a
873 2057 992 2122 Lydiada
1010 2057 1293 2123 Megalopolitanorum

112 2148 238 2207 tyranno.
276 2141 371 2200 Quare,
402 2155 486 2204 quum
514 2143 572 2191 iure
599 2155 664 2191 sane
682 2141 828 2192 Foneartus
854 2145 979 2206 negasset
1003 2143 1208 2208 Megalopolim,
1239 2158 1292 2208 quo

112 2233 237 2294 tempore
250 2225 300 2275 sub
314 2229 490 2289 tyrannorum
509 2225 693 2276 dominatione
712 2229 810 2286 esseut,
831 2229 968 2277 communi
980 2228 1114 2278 Arcadum
1127 2227 1240 2278 concilio
1253 2230 1292 2278 in-

111 2319 215 2364 teresse
228 2311 355 2377 potuisse,
375 2315 421 2360 aut
434 2311 504 2360 inter
515 2310 717 2376 Epaminondae
737 2315 859 2376 tempora
877 2315 904 2362 et
915 2313 1077 2363 Aristodemi
1098 2315 1202 2376 tyranni
1217 2315 1292 2364 initia

113 2402 175 2460 (369
191 2423 226 2433 -
239 2395 294 2446 iere
313 2399 362 2446 265
381 2409 405 2446 a.
426 2396 510 2458 (ibn),
530 2401 577 2448 aut
594 2398 663 2446 inter
681 2397 843 2447 Aristodemi
862 2409 954 2447 necem
974 2401 1001 2448 at
1018 2397 1153 2464 Lydiadae
1172 2399 1292 2462 tymnni-

108 2485 177 2534 dem
198 2483 262 2546 ltere
280 2483 415 2531 tbi-238
434 2495 457 2533 a.
476 2481 550 2544 Cbr.,
570 2481 604 2532 cl.
625 2481 718 2546 Polyb.
733 2483 768 2542 X,
788 2484 830 2544 88,
851 2484 875 2531 2.
896 2487 920 2532 8.
941 2483 1011 2534 lilatt
1028 2495 1055 2546 p.
1076 2483 1118 2545 99)
1139 2483 1210 2532 bunc
1230 2485 1292 2533 titu-

111 2571 169 2620 lum
190 2567 343 2617 dedicatum
361 2579 430 2618 esse.
468 2568 553 2632 Atque
573 2568 624 2618 boc
642 2567 751 2631 quidem
770 2565 887 2632 praefert
904 2567 1024 2631 Droysen
1045 2568 1140 2618 Gescb.
1160 2569 1208 2618 dea
1221 2567 1288 2618 llell.

109 2657 158 2714 lll,
181 2657 195 2701 i
214 2667 241 2717 p.
262 2655 325 2714 444,
345 2665 428 2716 quum
447 2652 517 2702 dicat
541 2651 612 2702 baud
636 2651 814 2716 improbabile
838 2663 906 2713 esse,
933 2656 962 2701 ut
978 2651 1077 2702 Aratus
1102 2656 1159 2702 tum
1177 2655 1291 2718 Sicyone

107 2740 224 2790 liberata
237 2737 403 2787 Achaeorum
421 2737 516 2787 loedus
534 2737 707 2798 condidisset,
728 2737 768 2787 sic
780 2740 869 2786 socios
881 2737 939 2786 eius
950 2735 1152 2802 Demopbanem
1164 2744 1191 2789 et
1203 2739 1291 2790 Ecde-

109 2838 189 2874 mum
212 2823 380 2874 Aristodemo
404 2826 498 2873 necato
523 2821 617 2872 ioadus
639 2821 771 2872 Arcadum
800 2823 957 2872 restituisse.
1000 2823 1077 2882 Quod
1101 2831 1290 2888 argumentum

108 2909 247 2960 lubricum
266 2921 325 2958 esse
344 2909 389 2958 vix
413 2911 500 2973 ipsum
524 2906 662 2968 leiellerit,
686 2907 734 2956 sed
754 2909 781 2956 in
800 2920 905 2958 summa
923 2909 963 2957 rei
985 2921 1048 2958 eum
1073 2923 1168 2960 verum
1191 2910 1291 2960 vidisse

107 2996 238 3046 existimo
256 2995 370 3044 maxime
389 2995 497 3058 propter
514 2993 659 3043 dialectum
672 2993 786 3042 Atticam
804 2991 914 3043 decreti.
946 2993 984 3044 Ea
997 2996 1069 3044 enim
1081 2998 1176 3060 quarto
1189 3010 1214 3045 a.
1226 2995 1287 3046 Chr.

108 3084 204 3131 natum
221 3078 331 3129 saeculo
349 3079 390 3128 vel
409 3078 477 3129 adeo
495 3079 571 3128 initio
589 3079 659 3128 tertii
678 3077 811 3127 Arcadum
831 3079 976 3128 concilium
995 3093 1075 3130 usum
1093 3093 1153 3130 esse
1171 3079 1291 3130 incredi-

106 3166 165 3215 bile
184 3171 232 3215 est.
269 3163 344 3222 Quod
363 3163 385 3212 si
403 3163 552 3212 statuemus
570 3164 637 3213 intra
656 3175 788 3212 annorum
808 3167 942 3214 aet-asa
961 3179 985 3214 a.
1005 3163 1067 3216 Chr.
1087 3167 1205 3230 spatium
1224 3165 1290 3216 baec

107 3252 211 3316 scripta
230 3263 299 3309 esse,
319 3249 376 3298 veri
395 3247 468 3298 haud
486 3248 616 3300 dissimile
635 3249 694 3306 erit,
715 3249 865 3300 Aristonem
884 3249 1142 3314 Megalopolitanum,
1163 3263 1244 3314 quem
1263 3251 1289 3300 ln

108 3335 194 3387 rebus
212 3336 334 3385 Achaicis
353 3347 484 3384 annorum
505 3337 552 3383 tdil
572 3337 600 3383 et
618 3337 666 3382 468
687 3347 711 3382 a.
731 3334 794 3384 Chr.
815 3339 1009 3385 commemorat
1027 3335 1153 3400 Polybius
1170 3337 1288 3400 XXVlll,

107 3427 135 3480 6,
158 3426 184 3471 κ.
204 3426 229 3471 8.
248 3421 347 3480 xxix,
366 3424 408 3482 84,
429 3423 453 3480 8,
474 3421 532 3469 eius
550 3431 631 3484 quem
649 3419 694 3469 bic
711 3419 843 3469 babemus
861 3419 1029 3483 damiurgum
1051 3422 1087 3484 (ν,
1102 3423 1143 3484 it)
1163 3425 1290 3487 nepotem

105 3520 181 3558 esse.
288 3510 302 3554 8
329 3505 525 3568 Quinquaginta
552 3505 717 3568 damiurgos,
744 3507 790 3568 qui
809 3503 877 3554 inira
895 3510 1086 3569 recensentur,
1113 3508 1186 3558 bunc
1210 3520 1289 3558 sena-

106 3596 168 3642 tum
187 3589 309 3642 effecisse
328 3603 433 3640 summa
451 3603 513 3640 cum
531 3591 588 3639 veri
606 3591 695 3655 specie
712 3590 828 3640 coniecit
846 3590 871 3640 F.
944 3593 957 3638 ³
977 3591 1126 3642 Concilium
1145 3606 1289 3642 commune

104 3677 246 3728 Arcadum
265 3677 317 3726 boc
335 3677 443 3725 nomine
462 3676 615 3726 institutum
628 3675 830 3740 Epaminondae
848 3679 935 3725 aetate
952 3675 1025 3726 haud
1043 3691 1105 3727 raro
1123 3689 1289 3727 commemo-

106 3767 186 3814 ratur
202 3761 275 3827 apud
293 3763 440 3826 scriptores
461 3761 538 3822 (Xan.
559 3759 627 3810 Hell.
648 3760 702 3818 Vll,
725 3764 748 3820 4,
769 3765 809 3810 48,
832 3763 857 3820 4,
876 3764 902 3810 2.
933 3761 1009 3810 Dem.
1028 3762 1101 3824 XlX,
1124 3767 1163 3812 44.
1190 3762 1285 3812 Aesch.

105 3850 141 3908 ll,
163 3851 205 3896 79.
232 3848 339 3898 Diodor.
361 3849 417 3910 XV,
438 3851 479 3896 88.
505 3847 581 3896 Paus.
602 3847 670 3908 lllll,
691 3850 732 3908 88,
753 3851 778 3898 t.
805 3845 934 3911 Harpocr.
958 3847 1142 3910 (saturnos)
1163 3848 1235 3910 av.)
1260 3849 1286 3898 F.

106 3936 182 3984 luter
199 3933 268 3984 baec
285 3933 339 3984 duo
357 3932 472 3984 concilia
490 3932 586 3982 cadem
604 3933 672 3982 ratic
691 3930 875 3982 intercedebat
896 3935 977 3996 atque
995 3933 1023 3981 in
1041 3932 1153 3998 siugulis
1172 3933 1289 3982 civitati-

104 4019 161 4069 bus
180 4020 250 4068 inter
267 4021 391 4069 senatum
408 4021 435 4068 et
451 4019 569 4070 comitia.
645 4021 659 4068 4
679 4019 778 4068 lterum
796 4017 955 4082 scriptorem
974 4017 1187 4080 nobilissimum,
1207 4031 1287 4082 ουοον

104 4117 175 4154 sanc
199 4108 304 4154 veteres
330 4103 433 4166 (Athen.
453 4104 476 4154 M
495 4107 526 4154 48
545 4103 574 4154 C.
600 4103 696 4154 Suidas
715 4116 737 4152 a.
758 4103 794 4165 ν.)
832 4102 1023 4154 Atheniensem
1041 4106 1086 4152 aut
1103 4103 1287 4154 Naucratitam

104 4189 193 4242 tuisse
217 4189 347 4252 relerunt,
376 4189 506 4253 intellegit
521 4189 643 4240 Fouoart.
681 4187 734 4240 Sed
760 4201 821 4238 eam
848 4188 1002 4252 opinionem
1030 4187 1175 4240 admodum
1203 4187 1287 4238 debili

104 4275 284 4328 fundamento
302 4276 350 4326 niti
369 4277 424 4326 iam
442 4277 575 4340 Sauppius
593 4273 648 4325 ind.
669 4275 731 4325 lact.
751 4273 866 4336 Gotting.
887 4273 942 4323 hib.
965 4273 1072 4340 tetulit
1090 4287 1117 4340 p.
1133 4277 1146 4324 4
1166 4275 1285 4337 monuit;

105 4373 183 4412 nuuc
200 4374 266 4412 vero
283 4373 346 4411 cnm
363 4361 398 4412 de
416 4365 501 4411 aetate
520 4361 588 4412 tituli
608 4360 766 4410 Foucartum
785 4351 889 4410 errasse
902 4361 1006 4410 constet
1025 4357 1066 4420 (el.
1082 4363 1136 4411 not.
1153 4361 1175 4424 4)
1194 4360 1227 4412 dc
1241 4359 1287 4410 illo

103 4448 220 4512 cogitari
239 4459 292 4498 non
310 4447 426 4513 amplius
443 4447 513 4500 licet.
