3082 5054
113 319 179 388 8444]
279 323 322 372 lli.
355 323 394 373 Ab
412 323 555 374 Alexandri
574 325 660 388 hlagni
679 328 765 376 morlo
782 325 817 376 ad
835 325 993 376 Corinthum
1012 327 1141 378 deletam.
1241 329 1300 390 311

202 524 287 600 Τίτος
317 523 511 610 Kotenna,
547 525 710 615 στρατηγὸς
742 521 876 603 ύντατος2
896 525 1074 616 Ῥωμαίων,
1112 528 1306 619 ίίιιρετιίωνΙ

108 691 113 700 ,
203 627 286 714 Ιτοῖς
306 630 429 715 ταγοῖς4
451 630 502 695 καί
529 635 580 717 τῖγι
604 627 692 698 πόλει
712 632 846 720 χαίρειν·
882 629 945 698 ἐπεί
972 631 1025 698 καί
1053 635 1084 700 ἐν
1106 635 1167 708 τοῖς
1190 637 1304 710 λοιποῖς

201 735 291 796 πᾶσιν
311 731 315 819 Ι
335 728 468 820 φανερὰν
497 731 690 822 πεποήκαμεν
717 733 771 821 τήν
801 759 833 800 τε
861 737 939 800 ἰδίαν
965 735 1018 801 καί
1045 741 1099 804 τοῦ
1127 735 1223 824 δήμου
1243 743 1303 804 τῶν

196 831 357 920 Ῥωμαίων
377 835 383 923 Ι
400 837 574 924 προαίρεσιν
603 831 641 924 ἣν
667 837 777 926 ἔχομεν
800 839 843 913 εἰς
865 833 942 924 ύμᾶς
963 835 1161 928 ὃλοΙσχεΙριῖνς,
1194 843 1302 929 βεβου-

172 935 320 1025 5λήμείλα
341 937 406 1024 κΙαίΙ
419 940 430 1027 ΙΙ
444 943 476 1006 ιλν
497 941 559 1016 τοῖς
581 943 647 1028 ἑξῆς
675 943 820 1014 ἐπιδεῖξαι
847 939 925 1008 κατὰ
952 947 1011 1008 πᾶν
1041 944 1130 1032 μέρος
1155 969 1304 1031 προεστη-

201 1039 286 1116 κότες
305 1041 310 1130 Ι
329 1046 382 1108 τοῦ
405 1039 535 1123 ἐνδόξου,
559 1044 610 1110 ἵνα
633 1041 706 1130 μηδ’
734 1047 765 1110 ἐν
787 1041 902 1120 τούτοις
924 1045 1034 1132 ἔχωσιν
1056 1039 1137 1132 ἡμᾶς
1158 1049 1303 1133 καταΙλα-

201 1147 263 1212 λεῖν
294 1147 323 1212 οἱ
352 1141 407 1211 ούκ
435 1142 495 1212 ἀπὸ
524 1153 577 1214 τοῦ
599 1147 750 1235 βελτίστου
773 1144 916 1222 εἰωθότες
939 1144 1201 1237 ἀναΙστρίφεσθαι.
1234 1145 1304 1217 ὅσαι

202 1245 260 1336 γάρ
282 1273 354 1316 ποτε
376 1244 612 1316 ἀπολείπονταιῦ
633 1246 752 1337 κτήσεις
771 1241 778 1336 Ι
795 1250 908 1337 ἔγγειοι
932 1252 984 1318 καί
1007 1253 1100 1319 οἰκίαι
1120 1257 1179 1318 τῶν
1202 1255 1302 1341 καθη-

159 1355 320 1418 ίοκοιισῶν
342 1353 385 1426 ele
405 1349 439 1419 τὸ
462 1349 606 1439 δημόσιον
620 1353 631 1440 ΙΙ
642 1349 677 1420 τὸ
692 1349 865 1440 Ῥωμαίων,
889 1353 989 1429 πάσας
1012 1355 1131 1442 δίδομεν
1152 1360 1205 1444 τῆι
1229 1353 1303 1443 ὑμε-

201 1457 287 1543 τέραι
307 1451 424 1538 sitast,
448 1449 553 1542 Ιύπως
578 1457 630 1522 καί
661 1459 692 1524 ἐν
721 1453 836 1532 τούτοις
859 1454 977 1546 μάθητε
998 1455 1052 1546 τήν
1074 1457 1302 1548 καλοκάγαθίαν

181 1555 287 1646 ’ἡμῶν
307 1556 313 1647 Ι
331 1559 384 1626 καί
405 1553 452 1628 ‘ost
472 1563 582 1634 τελέως
605 1563 635 1626 ἐν
663 1554 765 1626 ούθενί
787 1563 1027 1650 φιλαργυρῆσΙαιΙ
1049 1559 1298 1652 βεβουλήμεθΙαΙΙ,

201 1662 270 1748 περὶ
291 1663 430 1730 πλείστου
451 1658 625 1750 ποιούμενοι
646 1661 757 1750 χάριτα
778 1663 831 1730 καί
848 1665 1031 1752 φιλοδοξίαν.
1054 1659 1121 1732 ὅσοι
1137 1667 1245 1752 μένΙτοι
1260 1663 1301 1754 μή

154 1783 188 1833 15
199 1763 409 1852 κεκομισμένοι
430 1767 505 1832 εἰσίν
526 1771 587 1833 τῶν
609 1762 829 1852 ἐπιβαλλόντων
860 1764 994 1850 cimici,
1009 1768 1020 1856 ΙΙ
1034 1765 1091 1834 ἐὰν
1115 1766 1193 1856 ὑμᾶς
1215 1765 1302 1836 διδοί-

200 1871 288 1942 ξωσιν
309 1867 361 1934 καί
382 1871 550 1956 φαίνωνται
571 1864 744 1956 εύγνύγιονα
766 1868 931 1958 λέΙγοντσς,
964 1873 1194 1959 στοχαζομένων
1217 1869 1300 1958 ὑμῶν

200 1975 313 2038 ἐκτῶν
335 1967 385 2038 ὑπ’
412 1975 486 2059 ἐμοῦ
508 1971 731 2062 γεγραμΙμίνων
754 1975 934 2062 ἐγκρίσεων,
964 1973 1057 2062 κρίνω
1087 1975 1200 2042 δίκαιον
1224 1975 1302 2042 εἶναι

200 2072 474 2162 ἀποκαθίστασΙθαι
496 2072 607 2150 αύτοῖς.

180 2339 296 2389 Litterae
308 2337 411 2399 ΘΞΙΊΣ,
431 2338 459 2386 et
472 2339 496 2388 0
510 2337 622 2388 minoris
635 2351 716 2403 quam
730 2337 850 2402 reliquae
864 2337 1066 2401 magnitudinis.
1128 2343 1138 2387 4
1154 2340 1182 2390 Τ.
1198 2317 1301 2400 Quino-

109 2427 167 2478 tius
186 2424 352 2476 flamininus
369 2434 425 2474 oos.
448 2425 495 2473 448
514 2435 539 2472 a.
560 2421 622 2474 Chr.
694 2425 709 2473 a
728 2423 768 2474 ci.
789 2421 858 2474 4444.
942 2425 957 2471 4
976 2423 1098 2489 Cyretias
1115 2435 1186 2476 anno
1205 2427 1253 2476 itt
1273 2440 1298 2478 a.

106 2511 174 2563 Chr.
212 2509 298 2562 Aetoii
316 2511 499 2562 Romanorum
516 2508 584 2559 socii
606 2511 735 2574 ceperant
751 2512 779 2560 el
803 2508 971 2574 diripuerant
991 2509 1056 2574 (Liv.
1076 2510 1175 2572 XXXI,
1197 2513 1238 2572 tt,
1259 2513 1296 2576 44).

105 2597 167 2658 Qua
193 2596 227 2648 de
251 2608 331 2646 causa
356 2607 409 2646 non
428 2607 530 2660 paucos
547 2593 671 2646 homines
689 2593 726 2645 ibi
744 2593 844 2656 fuisse,
865 2595 910 2660 qui
929 2594 1044 2660 Philippi
1063 2595 1186 2660 partibus
1204 2598 1300 2648 stude-

107 2686 182 2744 rent,
209 2681 360 2734 Boecihius
382 2681 505 2731 coniecit.
541 2679 662 2742 Quorum
686 2680 757 2731 hona
782 2684 843 2746 post
866 2679 1000 2746 proelium
1023 2681 1057 2732 ad
1083 2682 1299 2748 Cynoscephalas

105 2768 288 2820 commissum
307 2765 441 2833 publicata
458 2765 553 2828 videri,
581 2769 674 2832 postea
692 2780 757 2819 vero
770 2769 934 2831 Quinctium,
954 2779 1016 2818 cum
1034 2765 1068 2819 ab
1083 2767 1216 2819 Antiocho
1233 2768 1299 2820 helii

106 2855 265 2922 periculam
282 2853 445 2914 immineret,
464 2851 554 2904 lenius
572 2867 651 2918 agere
668 2855 800 2919 coepisse.
831 2853 898 2905 Turn
918 2853 990 2906 hano
1008 2853 1152 2919 epistulam
1169 2855 1299 2920 scriptam

107 2954 183 3002 esse,
202 2943 250 2991 aut
267 2953 292 2990 s.
313 2942 362 2988 tto
381 2952 445 2990 eum
462 2937 573 3010 Athenis
593 2937 735 3001 hiemaret,
758 2943 805 2990 aut
825 2941 871 2990 4444
891 2951 952 2990 cum
972 2939 1080 2992 Elateao
1100 2940 1182 2992 totius
1201 2939 1300 2992 hiemis

108 3031 220 3093 tempus
238 3027 412 3077 consumeret
428 3025 488 3076 iure
505 3022 625 3090 dicundo
644 3025 671 3074 et
688 3025 728 3075 eis
746 3038 815 3090 quae
835 3025 949 3092 Philippi
967 3026 1082 3092 eiusque
1100 3024 1298 3092 praefectorum

35 3167 37 3170 ,
107 3113 220 3165 licentia
238 3113 266 3162 in
285 3110 439 3162 civitatibus
456 3109 525 3162 tactu
544 3111 635 3161 essent
653 3109 790 3162 mutandis
808 3111 864 3164 Liv.
884 3111 1005 3173 xxxiv,
1027 3114 1068 3172 44,
1089 3115 1115 3162 t.
1186 3115 1199 3162 4
1221 3111 1254 3162 iii
1272 3116 1300 3164 el

108 3201 157 3250 hic
176 3199 205 3249 et
221 3197 285 3249 alibi
303 3199 330 3248 in
347 3195 433 3247 titolis
450 3195 618 3262 singulorum
635 3196 784 3248 civitatium
798 3195 1015 3249 Thessalicarum
1033 3199 1207 3262 magistratus
1224 3201 1312 3260 sunt,v

109 3296 178 3337 oum
195 3283 348 3349 Xenophon
366 3282 439 3334 hand
457 3282 553 3348 paucis
565 3279 766 3333 Hellenicorum
785 3281 852 3333 locis
870 3283 921 3334 hae
938 3295 1007 3334 voce
1024 3283 1158 3348 significet
1175 3295 1298 3335 commu-

110 3385 177 3424 nem
195 3371 318 3422 omnium
334 3367 524 3422 Thessalorum
544 3369 745 3433 imperatorem.
839 3373 853 3420 e
872 3371 892 3422 l.
912 3381 936 3420 e.
957 3381 1026 3433 queo
1044 3369 1166 3420 nondum
1184 3369 1298 3421 alienata

108 3459 178 3510 sunt
194 3459 243 3508 aut
259 3456 402 3508 donatione
420 3457 468 3506 aut
479 3453 644 3515 venditione,
664 3455 713 3506 aed
725 3455 815 3506 adhuc
827 3453 934 3520 puhlioa
947 3453 1038 3521 populi
1052 3455 1164 3506 liomani
1177 3459 1296 3508 manent.

111 3545 142 3595 Β.
254 3545 268 3591 6
286 3543 339 3608 ipsi
357 3541 459 3592 civitati
478 3539 622 3604 donantur,
644 3553 706 3606 non,
726 3543 757 3592 ut
775 3539 890 3591 Lcakius
908 3541 935 3591 ct
958 3539 1111 3591 viscontius
1129 3542 1297 3607 interpretati

110 3633 200 3690 erant,
221 3628 341 3695 pristinis
359 3626 476 3678 dominis
495 3625 656 3684 redduntur.
682 3625 713 3677 B.
812 3627 871 3676 rsi
890 3627 934 3676 cni
953 3626 1015 3690 civi,
1037 3629 1084 3692 qui
1101 3627 1159 3692 ipse
1177 3627 1298 3677 criminis

111 3727 211 3782 expers
229 3715 294 3775 erat,
314 3713 382 3764 iuris
399 3711 501 3777 aliquid
521 3715 580 3762 erat
596 3712 624 3762 in
642 3711 721 3762 honis
738 3710 883 3776 publicatis
903 3711 994 3775 (veluti
1012 3725 1045 3763 ex
1063 3711 1225 3778 hypotheca,
1252 3715 1298 3764 sot

111 3803 180 3868 quia
198 3812 292 3852 errore
309 3798 380 3850 hona
398 3799 457 3850 eius
475 3801 614 3863 tamquam
631 3799 654 3848 si
671 3798 742 3850 atius
759 3803 849 3850 essent
868 3797 1004 3863 publicata
1021 3799 1122 3862 orent),
1149 3798 1171 3849 ls
1194 3810 1229 3850 ue
1246 3811 1296 3850 suo

110 3889 175 3940 iure
192 3887 346 3953 privaretur
362 3887 469 3935 cautum
488 3887 561 3947 erat,
586 3887 667 3950 atque
690 3883 820 3936 nonnulla
844 3884 978 3936 eiusmodi
997 3884 1067 3936 hone
1085 3897 1167 3936 causa
1183 3882 1296 3950 probata

111 3975 170 4026 iam
188 3972 294 4024 reddita
311 3973 420 4022 arania
439 3970 583 4022 Romanis·
607 3970 685 4030 Quod
702 3971 775 4022 idem
793 3970 890 4022 civitas
907 3971 1106 4036 Cyretiensium
1125 3971 1151 4021 in
1170 3970 1209 4022 eis
1227 3983 1297 4036 quse

111 4060 205 4112 adhuc
222 4059 324 4110 restant
341 4056 431 4108 lacere
448 4055 564 4108 iubetur.
600 4057 630 4108 a.

201 4347 269 4416 203
299 4351 431 4414 hlarmor
459 4351 638 4414 caeruleum
667 4352 831 4414 inventum
862 4353 1003 4433 Pergami
1036 4353 1069 4413 in
1099 4369 1171 4414 aroc
1199 4370 1296 4433 prope

112 4474 200 4518 aram
229 4455 414 4530 maximam
447 4451 498 4517 ed.
531 4453 632 4518 Conzc
661 4451 853 4536 Ergebnisse
886 4453 945 4518 dor
972 4453 1227 4540 Ausgrabungen
1259 4475 1297 4518 au
