3110 5056
114 304 157 368 711
232 303 264 353 11.
295 302 387 352 Alina
405 299 470 352 belli
488 301 706 364 Peloponnesiaci
724 297 758 349 ad
776 299 918 350 Alexandri
936 299 1024 362 llagni
1043 301 1166 351 mortem.
1239 301 1299 361 119

203 504 389 574 tenacula
411 509 576 570 marmoris
598 506 838 588 opisthographa
864 507 894 588 (a
916 507 950 567 in
968 499 1082 585 fronte,
1108 505 1174 568 bin
1191 525 1301 570 avorsa

114 613 216 693 parte)
243 610 376 674 Athonis
404 611 438 672 in
467 611 661 674 Britanniam
691 610 844 672 translata
878 605 1019 692 (Marmor
1046 608 1297 692 Sandwioense).

115 713 178 778 Ed.
193 717 222 776 J.
241 713 362 796 Taylor,
388 711 607 792 Cantabrigiae
628 709 721 792 1713,
747 731 819 775 cum
834 710 942 775 tabula
956 713 1023 775 aeri
1045 711 1155 792 incisa,
1181 711 1300 774 deinde

114 825 189 898 post
210 818 287 880 alios
320 813 482 899 (adhibitis
504 815 684 878 Fourmonti
710 813 845 896 schedis)
880 815 1004 877 Boeckh
1030 813 1065 877 C.
1097 817 1122 877 l.
1153 813 1191 876 G.
1226 816 1298 876 158.

115 920 338 983 Stantehansh.
363 917 422 982 dar
442 914 583 981 Athener
605 918 631 978 11
653 937 685 999 p.
712 918 752 978 78
775 936 847 1000 sqq.
890 916 939 981 dl.
965 936 1046 998 quac
1069 916 1109 981 de
1131 918 1222 982 titulo
1244 937 1301 980 ox-

114 1023 224 1104 posuit
245 1023 281 1084 G.
307 1021 440 1099 Gilbert‚
465 1020 600 1084 Deliaca.
647 1018 812 1102 Gottingae
836 1022 918 1082 1869
943 1041 975 1101 p.
1001 1022 1041 1082 36
1065 1039 1136 1102 sqq.

702 1228 722 1270 a

463 1325 500 1392 E.
915 1327 951 1392 Θ.

204 1460 285 1530 Τάδε
306 1463 435 1551 ἔπραξαν
454 1458 683 1550 Ἀμφικτύονος1
706 1457 871 1548 Ἀθηναίων
903 1459 961 1528 ἀπὸ
984 1459 1108 1530 Καλλέα
1138 1456 1303 1550 δίρχοντος2

204 1565 304 1654 pippin
324 1572 357 1634 τό
380 1566 592 1654 Θαργηλιῶνος
616 1561 708 1651 μηνὸς
736 1569 770 1630 ab
799 1564 848 1632 ἐπὶ
863 1561 1104 1652 Ἱπποδάμαντος
1134 1559 1304 1654 δι’ρχοντος3

199 1666 354 1756 Ἀθήνησι,
377 1670 382 1756 Ι
402 1671 433 1736 ἐν
455 1666 560 1756 Δήλιοι
582 1668 616 1734 δὲ
638 1664 867 1754 ἀπὸἘπιγένος
889 1661 1032 1756 ἄρχοντος
1055 1671 1145 1756 μέχρι
1165 1674 1199 1735 ab
1220 1669 1303 1755 Θορ-

176 1776 353 1858 5γηλιῶνος
377 1769 512 1860 μηνδς411
525 1777 559 1839 sd
581 1770 630 1839 sel
646 1767 742 1837 Ἱππίο
765 1763 925 1858 ἄρχοντος,
957 1768 1065 1859 χρόνον
1087 1764 1157 1838 δοον
1180 1775 1303 1844 ἕκαστος

206 1872 304 1941 αὐτῶν
327 1867 421 1964 ἦρχεν
428 1881 450 1958 ⁶,
478 1875 523 1950 οἷς
538 1870 697 1962 ΔιοἹδωρος
710 1869 934 1961 Ὀλομπιοδῶρο
949 1874 1168 1962 Σκαμβωνίδης
1189 1875 1303 1961 ἐγραμ-

188 2119 303 2170 Litterae
322 2119 428 2170 lonicae
446 2118 568 2182 volgares
585 2115 721 2188 στοιχηδὸν
739 2117 893 2184 dispositae.
984 2123 994 2167 1
1017 2118 1227 2184 Amphictyones
1245 2132 1304 2169 ma·

113 2207 245 2270 gistratus
260 2201 466 2256 Atheniensium
483 2205 559 2266 sunt,
580 2204 717 2255 constituti
734 2203 769 2255 ad
786 2203 1015 2257 administrandas
1032 2217 1077 2256 res
1094 2217 1185 2255 sacras
1202 2204 1305 2269 Apolli-

115 2292 159 2341 nis
180 2289 257 2342 lteiii.
294 2289 335 2341 lix
351 2287 530 2354 scriptoribus
547 2302 633 2340 unum
650 2289 817 2340 Athenaeum
836 2291 871 2340 111
889 2304 915 2355 p.
937 2293 1008 2340 title
1025 2303 1120 2341 eornm
1137 2291 1304 2341 mentionem

116 2376 207 2427 lacere
227 2377 333 2427 monuit
349 2376 389 2439 Β.,
410 2376 456 2439 qui
475 2387 509 2426 ex
526 2375 578 2426 hoc
594 2374 673 2426 titulo
691 2375 810 2440 singulos
822 2387 927 2427 annuos
938 2375 1148 2441 Amphictyones
1165 2388 1229 2426 cum
1247 2377 1304 2426 sin-

115 2463 189 2527 gulis
207 2460 304 2512 scribis
320 2459 404 2513 luisse
422 2459 539 2524 collegit.
576 2461 626 2512 Cui
650 2461 710 2512 inre
734 2461 889 2527 obloquitur
912 2459 1015 2512 Gilbert
1039 2473 1066 2524 p.
1087 2463 1134 2521 ³⁸,
1160 2460 1305 2526 collegium

116 2549 202 2598 triam
219 2547 341 2599 virorum
358 2549 490 2609 statuens,
511 2547 558 2611 qui
574 2560 624 2613 per
640 2547 850 2611 quadriennium
868 2547 896 2597 in
908 2545 1066 2609 magistratu
1078 2547 1236 2599 manserint.
1267 2549 1305 2598 Ac

116 2633 152 2684 de
171 2633 286 2697 collegio
303 2631 416 2697 quidem
433 2635 496 2698 post
513 2633 652 2684 inventum
670 2631 779 2683 titulum
798 2637 826 2682 71
857 2633 891 2693 (ν.
913 2635 944 2681 ts
962 2629 1022 2689 τοὺς
1039 2623 1229 2700 Ἀμφικτύονας
1246 2630 1305 2689 τοὺς

2 2725 3 2766 ξ
117 2715 159 2770 ἀεὶ
176 2714 434 2787 ἀμφικτυονεὺοντας.
465 2721 506 2768 ii.
527 2721 558 2767 tt
583 2716 626 2768 τὸν
643 2715 794 2786 γραμματέα
810 2722 860 2769 τῶν
880 2711 1081 2787 Ἀμφικτυόνων.
1111 2720 1144 2767 id
1161 2714 1221 2774 τοὺς
1238 2712 1306 2786 Ἀμ-
1418 2749 1420 2757 ·

118 2801 265 2871 praebeam]
286 2815 320 2853 ne
339 2803 477 2854 levissima
494 2802 606 2868 quidem
624 2801 755 2854 dubitatio
773 2803 947 2868 relinquitur,
973 2804 1022 2856 sed
1044 2804 1079 2856 de
1097 2805 1218 2855 muneris
1236 2806 1305 2855 tem·

116 2901 185 2956 pore
204 2901 260 2940 non
277 2900 390 2954 possum
408 2889 474 2952 quin
491 2901 508 2938 a
527 2887 645 2940 Gilberto
663 2887 743 2954 plana
761 2889 919 2940 dissentiam
948 2888 990 2952 (cl.
1009 2893 1066 2941 not.
1086 2895 1111 2940 5.
1132 2893 1156 2940 6.
1178 2891 1215 2952 l).
1252 2891 1305 2942 Cu·

117 2987 178 3026 ram
196 2986 290 3026 rerum
308 2985 448 3024 sacrarum
465 2973 597 3038 Apollinis
615 2973 683 3024 Delii
701 2975 755 3024 iam
768 2975 874 3026 Cratete
891 2975 1020 3026 archonte
1041 2975 1089 3040 (Ol.
1105 2978 1165 3038 86,8
1186 2973 1259 3042 17117
1278 2989 1302 3026 ο.

117 3060 194 3122 Chr.)
214 3071 300 3126 penes
317 3057 495 3110 Athenienses
512 3057 595 3110 luisse
614 3061 726 3111 testatur
750 3059 842 3112 titulus
864 3059 893 3111 C.
913 3062 934 3111 l.
953 3062 1007 3113 Att.
1027 3062 1115 3112 1787.
1153 3061 1186 3112 At
1203 3075 1306 3126 nequa-

117 3159 204 3211 qnam
221 3143 353 3197 credibile
371 3147 426 3205 est,
454 3144 517 3196 inde
540 3143 575 3195 ab
599 3157 631 3195 ao
655 3146 777 3211 tempora
799 3145 938 3210 usquead
956 3146 1126 3198 huiustituli
1144 3149 1259 3198 aetatem
1279 3147 1307 3198 id

117 3234 162 3284 ins
181 3233 222 3283 eis
239 3230 381 3282 mansisse.
418 3230 504 3280 lmmo
520 3233 582 3295 post
604 3243 722 3295 pugnam
739 3231 772 3282 ad
791 3231 876 3295 Aegos
897 3232 999 3283 iinmen
1017 3233 1201 3296 commissam,
1221 3245 1306 3298 quum

117 3317 241 3368 clernchi
258 3316 338 3367 Attici
356 3328 390 3366 ex
408 3315 514 3380 oppidis
532 3315 684 3368 insularum
701 3315 911 3382 expellerentur,
931 3317 1012 3368 etiam
1030 3317 1113 3369 Deliis
1130 3317 1243 3370 tutelam
1262 3332 1307 3370 sa·
1337 3347 1340 3356 «

118 3415 231 3454 crorum
250 3401 380 3466 Apollinis
402 3401 538 3452 redditam
561 3414 620 3453 esse
644 3403 857 3452 consentaneum
878 3405 919 3452 est
945 3401 991 3465 (Gi.
1016 3415 1043 3452 n.
1064 3404 1117 3466 stt.
1158 3405 1241 3456 Cuius
1262 3419 1307 3457 re-

118 3487 293 3554 cuperandae
312 3486 521 3538 Atheniensibus
539 3487 614 3538 nulla
631 3485 744 3538 facultas
761 3489 820 3538 erat
833 3489 895 3538 ante
906 3486 1045 3539 Nausinici
1058 3501 1160 3542 annum
1179 3491 1230 3555 (01.
1246 3495 1305 3551 tto,

120 3578 148 3624 s.
162 3569 238 3639 77817
252 3585 278 3622 a.
291 3571 378 3635 Cha),
397 3585 451 3637 qno
470 3573 561 3624 denno
578 3573 731 3638 principatu
749 3574 832 3624 maris
849 3574 946 3638 Aegaei
964 3575 1041 3638 potiti
1059 3578 1131 3626 sunt.
1158 3576 1237 3626 lum
1256 3578 1307 3640 igi-

119 3663 164 3711 tur
182 3657 296 3709 demum
312 3658 525 3724 Amphictyones
543 3659 622 3710 Attici
639 3660 755 3710 instituti
772 3661 850 3720 sunt,
869 3661 901 3710 nt
918 3659 1023 3712 Calleae
1039 3673 1127 3712 annus
1148 3661 1196 3725 (01.
1218 3665 1306 3722 titt.

118 3742 197 3812 77717
215 3757 241 3795 a.
256 3743 331 3806 Chr.)
350 3745 455 3810 primus
473 3745 583 3796 omnino
601 3744 683 3796 huius
701 3745 873 3809 magistratus
891 3744 986 3809 luerit;
1007 3759 1060 3813 qun
1079 3761 1108 3798 ra
1127 3747 1205 3798 iacile
1224 3761 1307 3813 expe-

116 3831 233 3882 diuntur
250 3828 425 3881 difficultates
442 3829 576 3895 quaedam
593 3844 663 3896 quae
681 3831 799 3882 editores
816 3831 896 3882 huius
914 3833 985 3884 titali
1002 3837 1169 3886 vexaverunt
1188 3831 1231 3896 (oi.
1251 3837 1307 3885 not.

118 3920 146 3966 e.
167 3916 223 3979 rs).
295 3919 310 3964 a
330 3915 370 3966 οι.
391 3917 479 3977 roos.
501 3913 586 3983 (anate
604 3930 629 3967 a.
649 3917 734 3981 cna).
818 3918 893 3970 eoi.
913 3923 991 3982 rora
1009 3916 1092 3987 (arsit
1111 3934 1136 3971 a.
1156 3919 1230 3983 cnr.)
1252 3919 1307 3971 lieo

118 4003 205 4066 igitur
222 4002 304 4053 trium
322 4013 470 4064 annornm,
490 4015 523 4052 ea
541 4001 639 4066 quihus
663 4005 758 4054 tertius
782 4017 837 4056 non
855 4004 950 4070 plenus
968 4007 1018 4069 est,
1038 4006 1157 4057 rationes
1174 4008 1238 4056 sunt
1257 4005 1305 4069 (Cl.

117 4091 177 4141 not.
200 4089 254 4150 tt).
326 4089 340 4138 1
360 4085 564 4151 Thergalionem
582 4091 710 4154 quintum
727 4091 791 4141 anni
802 4089 904 4142 Deliaci
921 4090 1046 4142 abruma
1064 4091 1217 4156 incipientis
1230 4103 1309 4142 men-

116 4187 179 4227 sem
199 4185 259 4225 esse
277 4186 310 4224 ex
327 4173 438 4224 ineditis
455 4173 665 4239 hieropeeorum
682 4175 821 4227 beliorum
844 4175 945 4228 tahnlis
968 4176 1164 4228 demonstrarit
1181 4177 1231 4228 Th.
1252 4177 1308 4229 llo·

116 4260 213 4326 molle,
233 4257 350 4310 Bullatin
368 4259 403 4310 de
421 4260 654 4326 correspondance
672 4261 830 4328 llellenique
848 4263 871 4312 ll
890 4263 977 4327 (1881]
997 4276 1025 4329 p,
1046 4266 1077 4314 25
1096 4275 1155 4330 sqq.
1235 4267 1250 4315 t
1270 4265 1308 4315 De

117 4343 365 4411 Amphictyonibus
392 4343 525 4397 intellexit
550 4346 590 4406 8.,
622 4345 657 4398 (1ο
681 4347 856 4400 archontibus
875 4349 906 4400 G.
942 4349 976 4400 At
1003 4349 1115 4401 intrita
1142 4351 1186 4402 ille
1204 4351 1307 4402 ratione

117 4443 208 4482 annos
226 4431 321 4483 civiles
340 4431 500 4484 archontum
518 4430 673 4483 nominibus
691 4434 859 4499 significandi
872 4435 924 4487 tale
943 4434 1158 4488 additamentum
1177 4451 1307 4503 superra-
