3110 5056
132 308 193 372 484]
293 306 338 357 lll.
371 305 411 356 Ab
430 303 572 356 Alexandri
590 303 678 366 Aiegni
696 305 784 352 morte
802 303 837 352 ad
855 301 1014 353 Corinthum
1033 300 1159 351 deletam.
1263 299 1326 362 279

220 508 282 596 τὰμ
310 507 403 592 πό]λιν
425 505 708 594 τὰνὌρχομενίων,
734 501 889 578 ὑποδίκους
912 503 993 589 εἶμεν
1016 501 1084 577 τοὺς
1107 499 1147 588 μὴ
1168 508 1326 576 ποιοῦντας

221 611 259 678 τὰ
282 611 396 677 δίκαια.

224 917 291 984 lle
315 919 513 982 Hermionae.
560 921 608 981 Ex
637 917 762 980 schedis
789 921 970 980 Fourmonti
1000 917 1052 980 ed.
1083 875 1205 980 Boeokh
1239 917 1273 979 C.
1299 918 1323 978 l.

134 1025 175 1088 G·
204 1025 298 1085 ΗΜ.
464 1099 624 1191 'iipieitov1
647 1103 773 1170 Κλεινία
794 1099 990 1187 Etatittlivtov²

564 1204 580 1272 ὃ
603 1209 731 1292 didipoci
753 1202 895 1292 ἀνέθηκε.

207 1469 321 1518 Litterae
339 1466 462 1529 volgares
480 1468 586 1531 praeter
604 1468 662 1518 ΘΣ.
769 1469 779 1514 4
802 1467 931 1530 ΑΡΤΟΝ,
957 1477 1026 1529 quas
1050 1465 1201 1516 Boeclbius
1218 1465 1328 1516 ultimas

135 1555 257 1604 nominis
281 1553 359 1603 cuius
382 1553 488 1602 initium
513 1553 637 1616 periisset
666 1551 771 1602 litteras
799 1563 859 1602 esse
888 1549 1009 1616 putebat.
1047 1551 1099 1602 Sed
1119 1563 1182 1601 cum
1199 1551 1285 1617 petris
1303 1554 1331 1601 et

134 1639 242 1704 patriae
259 1650 359 1688 nomen
377 1639 529 1699 conveniat,
550 1651 603 1689 non
623 1637 745 1688 dubitavi
763 1637 896 1702 praeteris
915 1637 1082 1687 Achaeorum
1101 1635 1264 1687 nobilissimi
1282 1649 1330 1686 uo-

135 1737 201 1774 men
227 1725 378 1774 restituere.
422 1723 477 1774 Cur
499 1727 525 1772 el
551 1723 660 1788 mando
685 1723 895 1774 Hermionenses
920 1720 944 1772 e'i
969 1723 1085 1772 statuam
1103 1718 1259 1787 posuerint,
1286 1723 1332 1773 vix

136 1808 260 1860 dubitari
278 1808 354 1859 lieet:
382 1809 458 1858 Anno
478 1811 527 1858 229
546 1823 571 1859 e.
591 1808 654 1858 Chr.
675 1808 814 1859 Demetrio
837 1807 1016 1858 Macedonum
1035 1820 1097 1872 rege
1116 1812 1239 1870 mortuo,
1267 1820 1330 1858 cum

135 1895 199 1945 aliis
217 1895 340 1958 tyrannis
359 1893 592 1958 Peloponnesiacis
610 1895 691 1944 etiem
709 1893 787 1943 Xeno
806 1893 1009 1942 Hermionensia
1031 1893 1132 1943 anxilio
1151 1894 1330 1944 Macedonum

137 1979 284 2044 desperato
303 1980 416 2044 imperio
435 1993 464 2030 ee
489 1979 625 2030 abdicavit
649 1983 677 2029 et
699 1979 836 2030 civitatem
854 1979 890 2028 ad
908 1977 1003 2028 loedus
1020 1978 1190 2029 Achaeorum
1207 1978 1330 2039 adduxit,

137 2065 167 2115 id
187 2065 260 2130 quod
278 2065 359 2114 Arete
377 2065 550 2128 potissimum
569 2065 694 2115 hortante
712 2064 814 2115 lectum
833 2077 892 2114 esse
910 2066 1022 2114 testetur
1040 2063 1168 2130 Polybius
1186 2065 1220 2126 ll,
1243 2065 1282 2124 44,
1305 2067 1328 2113 3.

138 2155 164 2202 a.
244 2151 452 2202 extutnutott
532 2151 695 2202 4ΔΗΜοΣ.
722 2150 915 2201 Fourmcntum
932 2151 1023 2214 potius
1041 2163 1145 2201 errasse
1163 2163 1246 2216 quam
1265 2149 1332 2198 ller-

136 2237 294 2286 mionenses
318 2235 373 2284 iem
397 2237 453 2284 tum
477 2235 506 2284 in
524 2239 700 2287 monumento
720 2235 827 2300 publico
845 2235 962 2287 dialecto
980 2236 1066 2286 Attica
1083 2248 1147 2286 usos
1165 2236 1329 2300 putaverim,

135 2323 300 2386 praesertim
319 2333 382 2370 cnm
400 2334 427 2372 v.
449 2323 458 2368 t
482 2320 623 2384 genetivus
641 2321 756 2371 Doricus
774 2314 880 2372 Κλεινία
898 2322 942 2372 sit.

227 2607 297 2675 180
318 2611 436 2673 Tabula
465 2612 631 2673 marmoris
663 2610 813 2691 llymettii
844 2612 974 2674 inventa
1000 2610 1034 2674 in
1061 2612 1198 2674 Piraeeo.
1246 2611 1328 2675 Edd.

138 2713 339 2776 Kumenudis
364 2705 560 2795 Ἀθηναίουί
591 2733 624 2794 p.
649 2715 680 2773 8.
734 2713 869 2774 Koebler
898 2713 932 2775 G.
962 2715 986 2775 l.
1010 2713 1075 2777 Ait.
1101 2717 1128 2776 ll
1157 2713 1232 2776 379.
1281 2713 1328 2778 Ci.

138 2835 224 2897 quae
247 2815 424 2896 disputavit
447 2815 531 2878 idem
555 2816 686 2877 Hermae
708 2815 760 2878 Vll
784 2835 817 2896 p.
843 2817 861 2875 3
887 2835 958 2896 sqq.

233 3037 366 3048 ------
391 3007 396 3082 1
422 3001 765 3086 oivipiur)to(v)¹------
794 3003 1099 3066 πλει...νι------
1125 3001 1131 3090 i
1158 3003 1331 3090 ἐπιμέλειαν

226 3101 293 3186 [uui
313 3101 367 3188 τὴν
389 3107 449 3167 τῶν
472 3105 700 3189 orpeqteovtxoiv
723 3101 857 3190 cippiqvi‘l)
882 3099 1100 3190 διεΗξήγαγενἹ
1127 3102 1179 3170 διὰ
1208 3111 1261 3170 τοῦ
1278 3103 1332 3172 tot

228 3203 280 3269 καὶ
300 3201 523 3291 upoovnilloaoeiv
545 3204 604 3289 alul
624 3201 723 3290 [αὐτὸς
746 3203 822 3290 oti]la
843 3202 932 3292 ὀλίγα
953 3203 1110 3293 χρήματα·
1140 3207 1192 3272 καὶ
1216 3205 1334 3294 ἀγωνο-

211 3481 326 3531 Litterae
344 3480 467 3545 volgares
479 3483 588 3545 preeter
600 3483 621 3532 Ξ
634 3485 662 3532 et
680 3478 726 3551 pe,
746 3482 820 3547 qnod
838 3481 919 3534 modo
939 3485 956 3533 Ρ
974 3483 1055 3534 modo
1075 3482 1165 3546 pest.
1186 3486 1334 3535 Decretum

139 3567 319 3617 honorarium
337 3565 493 3629 Euryclldis
506 3566 691 3632 cepbtsiensia
704 3567 795 3632 paullo
812 3570 874 3633 post
891 3581 993 3618 annum
1013 3573 1061 3620 444
1072 3583 1097 3620 4.
1109 3569 1172 3621 Chr.
1192 3569 1332 3634 (chnuht)

139 3653 244 3703 lactum
256 3651 557 3703 essedocuitlloebler.
620 3657 629 3700 4
652 3653 786 3704 telesini
842 3657 856 3702 2
875 3655 984 3704 initium
997 3654 1066 3704 tituli
1077 3655 1113 3705 ad
1131 3655 1235 3705 bellum
1248 3653 1335 3706 Chre·

138 3737 314 3796 monideum,
339 3750 393 3801 quo
412 3739 533 3801 tempore
552 3737 727 3802 Euryclidem
746 3738 868 3788 llicionis
892 3737 910 3789 i.
932 3739 1135 3804 Cephisiensem
1160 3743 1333 3805 quaestorem

140 3823 288 3874 mitilenem
306 3821 389 3873 luisse
407 3823 509 3873 scimus
526 3835 559 3873 ex
577 3823 655 3874 titulo
675 3826 738 3886 444,
764 3821 937 3875 referendum
962 3827 1068 3890 putavit
1085 3826 1116 3876 ll.
1155 3826 1205 3876 Cui
1224 3827 1334 3889 quomi-

139 3921 193 3960 nus
212 3908 344 3958 assentier
363 3908 558 3973 impedimento
576 3910 640 3959 sunt
657 3908 742 3960 verbe
761 3905 803 3959 ae
819 3912 864 3960 τοῦ
884 3905 938 3961 bet.
965 3909 1035 3962 Nem
1053 3913 1077 3962 si
1096 3913 1140 3962 ille
1160 3909 1330 3974 Euryclides,

139 4006 229 4059 quum
252 3993 305 4043 boc
329 4005 444 4044 munere
469 3991 577 4044 iunctus
602 3997 644 4045 aet
670 3991 752 4062 (44414
779 4007 803 4044 a.
824 3995 888 4046 Chr.
914 3999 960 4046 ent
977 3997 1053 4060 prins
1071 3999 1169 4059 etiem,
1194 3995 1228 4047 cl.
1249 3993 1332 4059 t6t1),

140 4083 196 4132 iarn
214 4093 246 4129 ea
265 4081 352 4130 444444
371 4076 458 4128 illium
476 4076 617 4129 habuisset
633 4082 664 4129 nt
681 4081 740 4130 eius
758 4080 857 4130 auxillo
875 4080 915 4130 uti
933 4085 1040 4146 posset,
1067 4084 1125 4148 ipse
1143 4084 1188 4134 vix
1205 4085 1268 4146 post
1284 4093 1334 4131 an-

140 4179 208 4216 num
228 4169 278 4215 4444
296 4178 322 4215 4.
342 4163 404 4214 Chr.
427 4165 507 4214 natue
525 4173 585 4214 esse
603 4168 704 4228 posset.
743 4166 821 4229 Atqui
838 4165 1015 4228 Euryclidem
1041 4169 1068 4218 et
1085 4169 1200 4219 Micione
1225 4167 1332 4231 iratres,

140 4263 212 4314 quos
224 4249 353 4315 Polybius
371 4249 403 4310 V,
426 4252 483 4312 tet,
505 4252 519 4298 'l
538 4251 668 4314 proximis
685 4254 748 4314 post
765 4253 814 4299 444
828 4263 852 4301 a.
867 4249 930 4302 Gbr.
950 4253 1028 4303 annis
1041 4251 1247 4304 Atheniensium
1259 4265 1334 4304 rem-

139 4333 280 4400 publicam
299 4333 464 4398 gubernasse
484 4335 575 4400 tradit,
595 4339 808 4386 consentaneum
827 4339 869 4386 eet
886 4337 998 4387 eosdem
1017 4335 1110 4400 inisse,
1131 4351 1246 4403 quorum
1265 4351 1334 4405 peu-

139 4422 182 4472 cis
200 4422 279 4472 annis
297 4423 359 4471 ente
378 4421 406 4469 in
425 4421 511 4484 patrie
529 4419 670 4471 liberanda
687 4422 835 4485 primariae
858 4423 949 4486 partes
973 4421 1080 4474 inerant
1098 4423 1135 4488 (C.
1154 4424 1333 4477 Wecbsmutb
