<?xml version="1.0" encoding="UTF-8"?>
<!DOCTYPE html PUBLIC "-//W3C//DTD XHTML 1.0 Transitional//EN"
    "http://www.w3.org/TR/xhtml1/DTD/xhtml1-transitional.dtd">
<html xmlns="http://www.w3.org/1999/xhtml" xml:lang="en" lang="en">
 <head>
  <title>
</title>
<meta http-equiv="Content-Type" content="text/html;charset=utf-8" />
  <meta name='ocr-system' content='tesseract 3.04.00' />
  <meta name='ocr-capabilities' content='ocr_page ocr_carea ocr_par ocr_line ocrx_word'/>
</head>
<body>
  <div class='ocr_page' id='page_1' title='image "./syllogeinscript01dittgoog_0595.png"; bbox 0 0 3086 5066; ppageno 0'>
   <div class='ocr_carea' id='block_1_1' title="bbox 103 351 1283 420">
    <p class='ocr_par' dir='ltr' id='par_1_1' title="bbox 103 351 1283 420">
     <span class='ocr_line' id='line_1_1' title="bbox 103 351 1283 420; baseline 0.008 -18"><span class='ocrx_word' id='word_1_1' title='bbox 103 351 165 417; x_wconf 73' lang='lat'>888]</span> <span class='ocrx_word' id='word_1_2' title='bbox 575 353 608 403; x_wconf 88' lang='lat'>11.</span> <span class='ocrx_word' id='word_1_3' title='bbox 633 353 685 404; x_wconf 81' lang='grc' dir='ltr'>λοε</span> <span class='ocrx_word' id='word_1_4' title='bbox 702 365 806 405; x_wconf 81' lang='grc' dir='ltr'>εεοταε.</span> <span class='ocrx_word' id='word_1_5' title='bbox 1220 358 1283 420; x_wconf 81' lang='grc'>573</span> 
     </span>
    </p>
   </div>
   <div class='ocr_carea' id='block_1_2' title="bbox 134 549 1282 4134">
    <p class='ocr_par' dir='ltr' id='par_1_2' title="bbox 134 549 1282 4134">
     <span class='ocr_line' id='line_1_2' title="bbox 191 549 1280 646; baseline 0.005 -26"><span class='ocrx_word' id='word_1_6' title='bbox 191 550 324 642; x_wconf 85' lang='grc' dir='ltr'>φερόντω</span> <span class='ocrx_word' id='word_1_7' title='bbox 345 551 507 642; x_wconf 79' lang='grc' dir='ltr'>γράφοντες</span> <span class='ocrx_word' id='word_1_8' title='bbox 530 555 633 640; x_wconf 75' lang='grc' dir='ltr'>ρη[τῶς</span> <span class='ocrx_word' id='word_1_9' title='bbox 654 549 742 640; x_wconf 82' lang='grc' dir='ltr'>εἰς]δ</span> <span class='ocrx_word' id='word_1_10' title='bbox 764 550 800 621; x_wconf 76' lang='grc' dir='ltr'>δν</span> <span class='ocrx_word' id='word_1_11' title='bbox 822 557 911 644; x_wconf 81' lang='grc' dir='ltr'><strong>χρεία</strong></span> <span class='ocrx_word' id='word_1_12' title='bbox 934 555 980 640; x_wconf 90' lang='grc' dir='ltr'>εί,</span> <span class='ocrx_word' id='word_1_13' title='bbox 1005 557 1057 623; x_wconf 84' lang='grc' dir='ltr'>καί</span> <span class='ocrx_word' id='word_1_14' title='bbox 1078 559 1107 623; x_wconf 84' lang='grc' dir='ltr'>οἱ</span> <span class='ocrx_word' id='word_1_15' title='bbox 1130 551 1280 646; x_wconf 73' lang='grc' dir='ltr'>άρχονίτες</span> 
     </span>
     <span class='ocr_line' id='line_1_3' title="bbox 192 653 1281 746; baseline 0.005 -24"><span class='ocrx_word' id='word_1_16' title='bbox 192 656 244 722; x_wconf 81' lang='grc' dir='ltr'>καί</span> <span class='ocrx_word' id='word_1_17' title='bbox 259 660 288 722; x_wconf 91' lang='grc' dir='ltr'>οί</span> <span class='ocrx_word' id='word_1_18' title='bbox 304 653 441 744; x_wconf 79' lang='grc' dir='ltr'>σύνεδροι</span> <span class='ocrx_word' id='word_1_19' title='bbox 455 658 786 743; x_wconf 81' lang='grc' dir='ltr'>δογματοποιείσθιυσαν</span> <span class='ocrx_word' id='word_1_20' title='bbox 801 653 848 724; x_wconf 83' lang='grc' dir='ltr'>ότι</span> <span class='ocrx_word' id='word_1_21' title='bbox 862 661 909 725; x_wconf 92' lang='grc' dir='ltr'>δεῖ</span> <span class='ocrx_word' id='word_1_22' title='bbox 922 655 972 724; x_wconf 83' lang='grc' dir='ltr'>τὸν</span> <span class='ocrx_word' id='word_1_23' title='bbox 994 659 1102 744; x_wconf 79' lang='grc' dir='ltr'><strong>ταμίαν</strong></span> <span class='ocrx_word' id='word_1_24' title='bbox 1123 657 1229 746; x_wconf 79' lang='grc' dir='ltr'>[δόμεν]</span> <span class='ocrx_word' id='word_1_25' title='bbox 1249 667 1281 729; x_wconf 85' lang='grc' dir='ltr'>ίν</span> 
     </span>
     <span class='ocr_line' id='line_1_4' title="bbox 188 755 1281 850; baseline 0.004 -24"><span class='ocrx_word' id='word_1_26' title='bbox 188 757 227 826; x_wconf 83' lang='grc' dir='ltr'>τδ</span> <span class='ocrx_word' id='word_1_27' title='bbox 248 757 389 848; x_wconf 84' lang='grc' dir='ltr'>διάφορα.</span> <span class='ocrx_word' id='word_1_28' title='bbox 436 756 494 826; x_wconf 70' lang='lat' dir='ltr'>imi</span> <span class='ocrx_word' id='word_1_29' title='bbox 522 759 555 826; x_wconf 79' lang='grc' dir='ltr'>δλ</span> <span class='ocrx_word' id='word_1_30' title='bbox 583 764 643 826; x_wconf 88' lang='grc' dir='ltr'>τῶν</span> <span class='ocrx_word' id='word_1_31' title='bbox 670 755 831 826; x_wconf 80' lang='grc' dir='ltr'>πιπτόντων</span> <span class='ocrx_word' id='word_1_32' title='bbox 859 764 895 827; x_wconf 81' lang='grc' dir='ltr'>ἐκ</span> <span class='ocrx_word' id='word_1_33' title='bbox 921 766 981 826; x_wconf 88' lang='grc' dir='ltr'>τῶν</span> <span class='ocrx_word' id='word_1_34' title='bbox 1012 764 1180 850; x_wconf 71' lang='grc' dir='ltr'>μυστηρίων</span> <span class='ocrx_word' id='word_1_35' title='bbox 1204 760 1281 830; x_wconf 85' lang='grc' dir='ltr'>ἀπο-</span> 
     </span>
     <span class='ocr_line' id='line_1_5' title="bbox 189 859 1282 954; baseline 0.005 -26"><span class='ocrx_word' id='word_1_36' title='bbox 189 859 391 950; x_wconf 83' lang='grc' dir='ltr'>καθιΙστάσθω</span> <span class='ocrx_word' id='word_1_37' title='bbox 413 867 466 929; x_wconf 86' lang='grc' dir='ltr'>τῶι</span> <span class='ocrx_word' id='word_1_38' title='bbox 485 865 591 948; x_wconf 81' lang='grc' dir='ltr'><strong>ταμίαι</strong></span> <span class='ocrx_word' id='word_1_39' title='bbox 611 861 649 928; x_wconf 81' lang='grc' dir='ltr'>τὰ</span> <span class='ocrx_word' id='word_1_40' title='bbox 670 860 811 951; x_wconf 77' lang='grc' dir='ltr'>διάφορα,</span> <span class='ocrx_word' id='word_1_41' title='bbox 836 864 888 930; x_wconf 88' lang='grc' dir='ltr'>ιιαί</span> <span class='ocrx_word' id='word_1_42' title='bbox 911 861 1064 930; x_wconf 79' lang='grc' dir='ltr'>ἀποδόντα</span> <span class='ocrx_word' id='word_1_43' title='bbox 1085 865 1204 954; x_wconf 81' lang='grc' dir='ltr'>γραράν</span> <span class='ocrx_word' id='word_1_44' title='bbox 1225 873 1282 934; x_wconf 91' lang='grc' dir='ltr'>τῶι</span> 
     </span>
     <span class='ocr_line' id='line_1_6' title="bbox 190 961 1280 1056; baseline 0.006 -26"><span class='ocrx_word' id='word_1_45' title='bbox 190 965 449 1053; x_wconf 77' lang='grc' dir='ltr'>ἐπιμελητᾶιπερί</span> <span class='ocrx_word' id='word_1_46' title='bbox 464 961 503 1032; x_wconf 80' lang='grc' dir='ltr'>ῶν</span> <span class='ocrx_word' id='word_1_47' title='bbox 525 991 565 1032; x_wconf 85' lang='grc' dir='ltr'>ιια</span> <span class='ocrx_word' id='word_1_48' title='bbox 587 961 785 1052; x_wconf 82' lang='grc' dir='ltr'>διοικήσωντι,</span> <span class='ocrx_word' id='word_1_49' title='bbox 810 965 863 1032; x_wconf 82' lang='grc' dir='ltr'>καί</span> <span class='ocrx_word' id='word_1_50' title='bbox 884 968 1016 1033; x_wconf 78' lang='grc' dir='ltr'>ἔστωσαν</span> <span class='ocrx_word' id='word_1_51' title='bbox 1039 964 1223 1056; x_wconf 79' lang='grc' dir='ltr'>δπόμαστροι</span> <span class='ocrx_word' id='word_1_52' title='bbox 1244 964 1280 1037; x_wconf 86' lang='grc' dir='ltr'>άν</span> 
     </span>
     <span class='ocr_line' id='line_1_7' title="bbox 188 1064 1279 1156; baseline 0.005 -23"><span class='ocrx_word' id='word_1_53' title='bbox 188 1093 217 1133; x_wconf 88' lang='grc' dir='ltr'>τι</span> <span class='ocrx_word' id='word_1_54' title='bbox 238 1064 429 1154; x_wconf 82' lang='grc' dir='ltr'>άδιιιήσωντι,</span> <span class='ocrx_word' id='word_1_55' title='bbox 453 1066 563 1154; x_wconf 75' lang='grc' dir='ltr'>καΙθυῖς</span> <span class='ocrx_word' id='word_1_56' title='bbox 584 1065 687 1134; x_wconf 79' lang='grc' dir='ltr'>ἐπάνω</span> <span class='ocrx_word' id='word_1_57' title='bbox 707 1071 884 1156; x_wconf 85' lang='grc' dir='ltr'>γίγρσπται.</span> <span class='ocrx_word' id='word_1_58' title='bbox 924 1065 940 1136; x_wconf 83' lang='lat' dir='ltr'>‘o</span> <span class='ocrx_word' id='word_1_59' title='bbox 962 1070 996 1136; x_wconf 74' lang='lat' dir='ltr'>ii</span> <span class='ocrx_word' id='word_1_60' title='bbox 1017 1072 1126 1156; x_wconf 90' lang='grc' dir='ltr'>ταμίας</span> <span class='ocrx_word' id='word_1_61' title='bbox 1146 1064 1216 1138; x_wconf 82' lang='grc' dir='ltr'>όσον</span> <span class='ocrx_word' id='word_1_62' title='bbox 1239 1098 1279 1138; x_wconf 86' lang='grc' dir='ltr'>κα</span> 
     </span>
     <span class='ocr_line' id='line_1_8' title="bbox 187 1166 1280 1262; baseline 0.005 -28"><span class='ocrx_word' id='word_1_63' title='bbox 187 1168 361 1258; x_wconf 78' lang='grc' dir='ltr'>παραλάβοι</span> <span class='ocrx_word' id='word_1_64' title='bbox 388 1166 531 1258; x_wconf 87' lang='grc' dir='ltr'>διάφορον</span> <span class='ocrx_word' id='word_1_65' title='bbox 559 1170 661 1238; x_wconf 85' lang='grc' dir='ltr'>λοιπὸν</span> <span class='ocrx_word' id='word_1_66' title='bbox 689 1174 724 1237; x_wconf 79' lang='grc' dir='ltr'>λιι</span> <span class='ocrx_word' id='word_1_67' title='bbox 752 1169 875 1256; x_wconf 76' lang='grc' dir='ltr'>τούτων,</span> <span class='ocrx_word' id='word_1_68' title='bbox 910 1175 1050 1260; x_wconf 81' lang='grc' dir='ltr'>γραφέτω</span> <span class='ocrx_word' id='word_1_69' title='bbox 1082 1175 1114 1238; x_wconf 73' lang='grc' dir='ltr'>ἐν</span> <span class='ocrx_word' id='word_1_70' title='bbox 1147 1169 1280 1262; x_wconf 83' lang='grc' dir='ltr'>δπεχθί-</span> 
     </span>
     <span class='ocr_line' id='line_1_9' title="bbox 143 1269 1278 1363; baseline 0.004 -25"><span class='ocrx_word' id='word_1_71' title='bbox 143 1277 296 1358; x_wconf 74' lang='grc' dir='ltr'>δλλματι38</span> <span class='ocrx_word' id='word_1_72' title='bbox 322 1275 364 1347; x_wconf 88' lang='grc' dir='ltr'>είς</span> <span class='ocrx_word' id='word_1_73' title='bbox 391 1270 445 1339; x_wconf 81' lang='grc' dir='ltr'>τὰν</span> <span class='ocrx_word' id='word_1_74' title='bbox 473 1269 630 1340; x_wconf 77' lang='grc' dir='ltr'>ἐπισιτευάν</span> <span class='ocrx_word' id='word_1_75' title='bbox 658 1280 714 1340; x_wconf 92' lang='grc' dir='ltr'>τῶν</span> <span class='ocrx_word' id='word_1_76' title='bbox 743 1278 774 1340; x_wconf 81' lang='grc' dir='ltr'>ἐν</span> <span class='ocrx_word' id='word_1_77' title='bbox 801 1279 855 1340; x_wconf 88' lang='grc' dir='ltr'>τῶι</span> <span class='ocrx_word' id='word_1_78' title='bbox 874 1274 885 1363; x_wconf 88' lang='grc' dir='ltr'>ΙΙ</span> <span class='ocrx_word' id='word_1_79' title='bbox 906 1273 1127 1362; x_wconf 84' lang='grc' dir='ltr'>Καρνειασίωι,</span> <span class='ocrx_word' id='word_1_80' title='bbox 1158 1275 1209 1342; x_wconf 82' lang='grc' dir='ltr'>καί</span> <span class='ocrx_word' id='word_1_81' title='bbox 1238 1276 1278 1363; x_wconf 78' lang='grc' dir='ltr'>μὴ</span> 
     </span>
     <span class='ocr_line' id='line_1_10' title="bbox 188 1370 1279 1466; baseline 0.004 -24"><span class='ocrx_word' id='word_1_82' title='bbox 188 1373 415 1464; x_wconf 84' lang='grc' dir='ltr'>άναχρησάσθω</span> <span class='ocrx_word' id='word_1_83' title='bbox 437 1378 480 1450; x_wconf 84' lang='grc' dir='ltr'>είς</span> <span class='ocrx_word' id='word_1_84' title='bbox 502 1370 576 1442; x_wconf 79' lang='grc' dir='ltr'>ἄλλο</span> <span class='ocrx_word' id='word_1_85' title='bbox 600 1377 707 1463; x_wconf 77' lang='grc' dir='ltr'>μηθέν,</span> <span class='ocrx_word' id='word_1_86' title='bbox 732 1377 823 1464; x_wconf 68' lang='grc' dir='ltr'>μέχρι</span> <span class='ocrx_word' id='word_1_87' title='bbox 845 1371 882 1444; x_wconf 75' lang='grc' dir='ltr'>ἂν</span> <span class='ocrx_word' id='word_1_88' title='bbox 898 1371 1174 1445; x_wconf 75' lang='grc' dir='ltr'>ἑπιτελεσθεῖόοων</span> <span class='ocrx_word' id='word_1_89' title='bbox 1188 1377 1279 1466; x_wconf 83' lang='grc' dir='ltr'>χρεία</span> 
     </span>
     <span class='ocr_line' id='line_1_11' title="bbox 186 1474 1277 1569; baseline 0.001 -24"><span class='ocrx_word' id='word_1_90' title='bbox 186 1479 249 1545; x_wconf 78' lang='grc' dir='ltr'>ἐστί</span> <span class='ocrx_word' id='word_1_91' title='bbox 275 1479 342 1544; x_wconf 86' lang='grc' dir='ltr'>ποτί</span> <span class='ocrx_word' id='word_1_92' title='bbox 367 1474 421 1545; x_wconf 77' lang='grc' dir='ltr'>τάν</span> <span class='ocrx_word' id='word_1_93' title='bbox 447 1481 503 1545; x_wconf 88' lang='grc' dir='ltr'>τῶν</span> <span class='ocrx_word' id='word_1_94' title='bbox 531 1481 698 1566; x_wconf 76' lang='grc' dir='ltr'>μυστηρίων</span> <span class='ocrx_word' id='word_1_95' title='bbox 722 1481 907 1546; x_wconf 82' lang='grc' dir='ltr'>συντίλειαν·</span> <span class='ocrx_word' id='word_1_96' title='bbox 936 1480 1013 1565; x_wconf 80' lang='grc' dir='ltr'>μηδὲ</span> <span class='ocrx_word' id='word_1_97' title='bbox 1034 1478 1188 1568; x_wconf 78' lang='grc' dir='ltr'>γραΙψάτω</span> <span class='ocrx_word' id='word_1_98' title='bbox 1217 1509 1277 1569; x_wconf 80' lang='grc' dir='ltr'>μη-</span> 
     </span>
     <span class='ocr_line' id='line_1_12' title="bbox 186 1575 1279 1673; baseline 0.002 -25"><span class='ocrx_word' id='word_1_99' title='bbox 186 1579 249 1656; x_wconf 82' lang='grc' dir='ltr'>θείς</span> <span class='ocrx_word' id='word_1_100' title='bbox 277 1579 390 1668; x_wconf 86' lang='grc' dir='ltr'>δόγμα,</span> <span class='ocrx_word' id='word_1_101' title='bbox 420 1575 467 1647; x_wconf 85' lang='grc' dir='ltr'>δτι</span> <span class='ocrx_word' id='word_1_102' title='bbox 495 1583 542 1648; x_wconf 87' lang='grc' dir='ltr'>δεῖ</span> <span class='ocrx_word' id='word_1_103' title='bbox 567 1587 662 1648; x_wconf 85' lang='grc' dir='ltr'>ταῶτα</span> <span class='ocrx_word' id='word_1_104' title='bbox 687 1579 725 1647; x_wconf 80' lang='grc' dir='ltr'>τὰ</span> <span class='ocrx_word' id='word_1_105' title='bbox 752 1577 885 1670; x_wconf 84' lang='grc' dir='ltr'>διάφορα</span> <span class='ocrx_word' id='word_1_106' title='bbox 912 1585 955 1656; x_wconf 88' lang='grc' dir='ltr'>είς</span> <span class='ocrx_word' id='word_1_107' title='bbox 978 1575 1052 1649; x_wconf 82' lang='grc' dir='ltr'>άλλο</span> <span class='ocrx_word' id='word_1_108' title='bbox 1074 1609 1103 1649; x_wconf 90' lang='grc' dir='ltr'>τι</span> <span class='ocrx_word' id='word_1_109' title='bbox 1123 1582 1279 1673; x_wconf 80' lang='grc' dir='ltr'>καταχρή-</span> 
     </span>
     <span class='ocr_line' id='line_1_13' title="bbox 185 1679 1277 1776; baseline 0.004 -26"><span class='ocrx_word' id='word_1_110' title='bbox 185 1687 313 1750; x_wconf 89' lang='grc' dir='ltr'>σασθαι·</span> <span class='ocrx_word' id='word_1_111' title='bbox 347 1687 374 1749; x_wconf 81' lang='grc' dir='ltr'>εἰ</span> <span class='ocrx_word' id='word_1_112' title='bbox 401 1684 434 1750; x_wconf 83' lang='grc' dir='ltr'>δὲ</span> <span class='ocrx_word' id='word_1_113' title='bbox 462 1680 520 1770; x_wconf 78' lang='grc' dir='ltr'>μή,</span> <span class='ocrx_word' id='word_1_114' title='bbox 551 1679 584 1749; x_wconf 90' lang='grc' dir='ltr'>τό</span> <span class='ocrx_word' id='word_1_115' title='bbox 612 1709 645 1748; x_wconf 88' lang='grc' dir='ltr'>τε</span> <span class='ocrx_word' id='word_1_116' title='bbox 672 1684 787 1772; x_wconf 79' lang='grc' dir='ltr'>γραφὲν</span> <span class='ocrx_word' id='word_1_117' title='bbox 817 1683 921 1758; x_wconf 82' lang='grc' dir='ltr'>ἀτελὲς</span> <span class='ocrx_word' id='word_1_118' title='bbox 948 1685 1025 1751; x_wconf 81' lang='grc' dir='ltr'>ἔστω</span> <span class='ocrx_word' id='word_1_119' title='bbox 1047 1686 1098 1752; x_wconf 85' lang='grc' dir='ltr'>καί</span> <span class='ocrx_word' id='word_1_120' title='bbox 1120 1681 1136 1752; x_wconf 82' lang='grc' dir='ltr'><strong>ὃ</strong></span> <span class='ocrx_word' id='word_1_121' title='bbox 1159 1684 1277 1776; x_wconf 80' lang='grc' dir='ltr'>γράψας</span> 
     </span>
     <span class='ocr_line' id='line_1_14' title="bbox 185 1783 1277 1874; baseline 0.003 -20"><span class='ocrx_word' id='word_1_122' title='bbox 185 1783 372 1854; x_wconf 78' lang='grc' dir='ltr'>ἀποτεισάτω</span> <span class='ocrx_word' id='word_1_123' title='bbox 395 1783 541 1874; x_wconf 74' lang='grc' dir='ltr'>δραίχμεῖς</span> <span class='ocrx_word' id='word_1_124' title='bbox 565 1788 721 1874; x_wconf 87' lang='grc' dir='ltr'>διςχιλίας,</span> <span class='ocrx_word' id='word_1_125' title='bbox 747 1783 858 1872; x_wconf 86' lang='grc' dir='ltr'>δμοίως</span> <span class='ocrx_word' id='word_1_126' title='bbox 881 1788 914 1853; x_wconf 81' lang='grc' dir='ltr'>δὲ</span> <span class='ocrx_word' id='word_1_127' title='bbox 935 1788 987 1854; x_wconf 82' lang='grc' dir='ltr'>καί</span> <span class='ocrx_word' id='word_1_128' title='bbox 1009 1785 1025 1854; x_wconf 84' lang='grc' dir='ltr'>δ</span> <span class='ocrx_word' id='word_1_129' title='bbox 1047 1789 1155 1874; x_wconf 86' lang='grc' dir='ltr'>τομίας</span> <span class='ocrx_word' id='word_1_130' title='bbox 1177 1785 1223 1857; x_wconf 83' lang='grc' dir='ltr'>ότι</span> <span class='ocrx_word' id='word_1_131' title='bbox 1237 1816 1277 1857; x_wconf 83' lang='grc' dir='ltr'>κα</span> 
     </span>
     <span class='ocr_line' id='line_1_15' title="bbox 184 1885 1276 1980; baseline 0.005 -27"><span class='ocrx_word' id='word_1_132' title='bbox 184 1885 334 1962; x_wconf 80' lang='grc' dir='ltr'>ἐξοδιάσει</span> <span class='ocrx_word' id='word_1_133' title='bbox 359 1891 481 1954; x_wconf 75' lang='grc' dir='ltr'>διπλοῦν</span> <span class='ocrx_word' id='word_1_134' title='bbox 509 1886 561 1954; x_wconf 80' lang='grc' dir='ltr'>καί</span> <span class='ocrx_word' id='word_1_135' title='bbox 586 1887 725 1978; x_wconf 82' lang='grc' dir='ltr'>δραχμὰς</span> <span class='ocrx_word' id='word_1_136' title='bbox 754 1890 915 1976; x_wconf 84' lang='grc' dir='ltr'>διςχιλίος,</span> <span class='ocrx_word' id='word_1_137' title='bbox 945 1891 996 1956; x_wconf 85' lang='grc' dir='ltr'>καί</span> <span class='ocrx_word' id='word_1_138' title='bbox 1024 1893 1053 1954; x_wconf 79' lang='grc' dir='ltr'>οἱ</span> <span class='ocrx_word' id='word_1_139' title='bbox 1075 1893 1212 1959; x_wconf 80' lang='grc' dir='ltr'>δικασταί</span> <span class='ocrx_word' id='word_1_140' title='bbox 1235 1891 1276 1980; x_wconf 81' lang='grc' dir='ltr'>μὴ</span> 
     </span>
     <span class='ocr_line' id='line_1_16' title="bbox 186 1987 1276 2082; baseline 0.003 -24"><span class='ocrx_word' id='word_1_141' title='bbox 186 1987 376 2079; x_wconf 83' lang='grc' dir='ltr'>άρσιροόντω</span> <span class='ocrx_word' id='word_1_142' title='bbox 406 1991 519 2076; x_wconf 80' lang='grc' dir='ltr'>μηθέν,</span> <span class='ocrx_word' id='word_1_143' title='bbox 550 1991 603 2057; x_wconf 78' lang='grc' dir='ltr'>καί</span> <span class='ocrx_word' id='word_1_144' title='bbox 628 1991 667 2058; x_wconf 79' lang='grc' dir='ltr'>τὰ</span> <span class='ocrx_word' id='word_1_145' title='bbox 692 1993 835 2059; x_wconf 90' lang='grc' dir='ltr'>πίπτοντα</span> <span class='ocrx_word' id='word_1_146' title='bbox 854 1992 859 2080; x_wconf 87' lang='grc' dir='ltr'>Ι</span> <span class='ocrx_word' id='word_1_147' title='bbox 878 1994 913 2058; x_wconf 78' lang='grc' dir='ltr'>λιι</span> <span class='ocrx_word' id='word_1_148' title='bbox 934 1999 1044 2058; x_wconf 76' lang='grc' dir='ltr'>ταυτῶν</span> <span class='ocrx_word' id='word_1_149' title='bbox 1072 1999 1126 2060; x_wconf 79' lang='grc' dir='ltr'>τῶν</span> <span class='ocrx_word' id='word_1_150' title='bbox 1154 1997 1276 2082; x_wconf 86' lang='grc' dir='ltr'>κρισίων</span> 
     </span>
     <span class='ocr_line' id='line_1_17' title="bbox 183 2089 1276 2184; baseline 0.004 -24"><span class='ocrx_word' id='word_1_151' title='bbox 183 2091 318 2182; x_wconf 89' lang='grc' dir='ltr'>διάφορα</span> <span class='ocrx_word' id='word_1_152' title='bbox 350 2089 510 2181; x_wconf 81' lang='grc' dir='ltr'>όπαρχέτω</span> <span class='ocrx_word' id='word_1_153' title='bbox 547 2097 590 2169; x_wconf 87' lang='grc' dir='ltr'>είς</span> <span class='ocrx_word' id='word_1_154' title='bbox 617 2091 670 2162; x_wconf 79' lang='grc' dir='ltr'>τάν</span> <span class='ocrx_word' id='word_1_155' title='bbox 703 2093 861 2162; x_wconf 77' lang='grc' dir='ltr'>ἐπισκευάν</span> <span class='ocrx_word' id='word_1_156' title='bbox 894 2100 951 2162; x_wconf 90' lang='grc' dir='ltr'>τῶν</span> <span class='ocrx_word' id='word_1_157' title='bbox 985 2099 1016 2162; x_wconf 79' lang='grc' dir='ltr'>ἐν</span> <span class='ocrx_word' id='word_1_158' title='bbox 1049 2101 1103 2162; x_wconf 88' lang='grc' dir='ltr'>τῶι</span> <span class='ocrx_word' id='word_1_159' title='bbox 1135 2095 1276 2184; x_wconf 86' lang='grc' dir='ltr'>Καρνεο-</span> 
     </span>
     <span class='ocr_line' id='line_1_18' title="bbox 184 2191 1275 2286; baseline 0.004 -24"><span class='ocrx_word' id='word_1_160' title='bbox 184 2199 263 2262; x_wconf 90' lang='grc' dir='ltr'>σίωι.</span> <span class='ocrx_word' id='word_1_161' title='bbox 299 2191 370 2262; x_wconf 84' lang='grc' dir='ltr'>όταν</span> <span class='ocrx_word' id='word_1_162' title='bbox 393 2197 426 2262; x_wconf 84' lang='grc' dir='ltr'>δὲ</span> <span class='ocrx_word' id='word_1_163' title='bbox 448 2196 685 2284; x_wconf 80' lang='grc' dir='ltr'>ἐπκσ&gt;τελεσθεῖ</span> <span class='ocrx_word' id='word_1_164' title='bbox 712 2191 791 2264; x_wconf 82' lang='grc' dir='ltr'>όσων</span> <span class='ocrx_word' id='word_1_165' title='bbox 817 2198 907 2286; x_wconf 84' lang='grc' dir='ltr'>χρεία</span> <span class='ocrx_word' id='word_1_166' title='bbox 936 2199 998 2263; x_wconf 80' lang='grc' dir='ltr'>ἐστί</span> <span class='ocrx_word' id='word_1_167' title='bbox 1019 2197 1087 2263; x_wconf 90' lang='grc' dir='ltr'>ποτί</span> <span class='ocrx_word' id='word_1_168' title='bbox 1108 2197 1141 2264; x_wconf 84' lang='grc' dir='ltr'>τό</span> <span class='ocrx_word' id='word_1_169' title='bbox 1164 2200 1275 2286; x_wconf 88' lang='grc' dir='ltr'>ουνΙτε-</span> 
     </span>
     <span class='ocr_line' id='line_1_19' title="bbox 183 2296 1276 2389; baseline 0.001 -23"><span class='ocrx_word' id='word_1_170' title='bbox 183 2301 244 2366; x_wconf 87' lang='grc' dir='ltr'>λεῖν</span> <span class='ocrx_word' id='word_1_171' title='bbox 265 2296 303 2366; x_wconf 82' lang='grc' dir='ltr'>τοῖ</span> <span class='ocrx_word' id='word_1_172' title='bbox 326 2299 491 2386; x_wconf 73' lang='grc' dir='ltr'>μυστήρια,</span> <span class='ocrx_word' id='word_1_173' title='bbox 523 2297 683 2389; x_wconf 74' lang='grc' dir='ltr'>ὑπαρχέτω</span> <span class='ocrx_word' id='word_1_174' title='bbox 707 2298 746 2367; x_wconf 84' lang='grc' dir='ltr'>τὰ</span> <span class='ocrx_word' id='word_1_175' title='bbox 766 2303 909 2367; x_wconf 85' lang='grc' dir='ltr'>πίπτοντα</span> <span class='ocrx_word' id='word_1_176' title='bbox 931 2297 1064 2388; x_wconf 89' lang='grc' dir='ltr'>διάφορα</span> <span class='ocrx_word' id='word_1_177' title='bbox 1084 2305 1141 2368; x_wconf 86' lang='grc' dir='ltr'>τῶν</span> <span class='ocrx_word' id='word_1_178' title='bbox 1164 2327 1276 2388; x_wconf 86' lang='grc' dir='ltr'>μυστη-</span> 
     </span>
     <span class='ocr_line' id='line_1_20' title="bbox 185 2399 1276 2491; baseline 0.001 -23"><span class='ocrx_word' id='word_1_179' title='bbox 185 2405 257 2490; x_wconf 91' lang='grc' dir='ltr'>ρίων</span> <span class='ocrx_word' id='word_1_180' title='bbox 279 2404 322 2476; x_wconf 85' lang='grc' dir='ltr'>είς</span> <span class='ocrx_word' id='word_1_181' title='bbox 342 2399 397 2476; x_wconf 81' lang='grc' dir='ltr'>τοῖς</span> <span class='ocrx_word' id='word_1_182' title='bbox 417 2407 470 2476; x_wconf 80' lang='grc' dir='ltr'>τᾶς</span> <span class='ocrx_word' id='word_1_183' title='bbox 497 2400 605 2478; x_wconf 89' lang='grc' dir='ltr'>πόλεος</span> <span class='ocrx_word' id='word_1_184' title='bbox 631 2402 762 2478; x_wconf 80' lang='grc' dir='ltr'>ἐςόδους.</span> <span class='ocrx_word' id='word_1_185' title='bbox 810 2401 992 2489; x_wconf 88' lang='grc' dir='ltr'>Θυμάτων</span> <span class='ocrx_word' id='word_1_186' title='bbox 1013 2407 1201 2491; x_wconf 80' lang='grc' dir='ltr'>παροχᾶς.</span> <span class='ocrx_word' id='word_1_187' title='bbox 1247 2407 1276 2470; x_wconf 79' lang='grc' dir='ltr'>οἱ</span> 
     </span>
     <span class='ocr_line' id='line_1_21' title="bbox 137 2503 1277 2594; baseline 0.003 -25"><span class='ocrx_word' id='word_1_188' title='bbox 137 2517 171 2568; x_wconf 75' lang='grc'>65</span> <span class='ocrx_word' id='word_1_189' title='bbox 186 2506 260 2592; x_wconf 87' lang='grc' dir='ltr'>ίεροί</span> <span class='ocrx_word' id='word_1_190' title='bbox 283 2503 358 2590; x_wconf 80' lang='grc' dir='ltr'>μετὰ</span> <span class='ocrx_word' id='word_1_191' title='bbox 379 2503 413 2571; x_wconf 84' lang='grc' dir='ltr'>τὸ</span> <span class='ocrx_word' id='word_1_192' title='bbox 434 2504 675 2593; x_wconf 68' lang='grc' dir='ltr'>καθτασταθῖγμεν</span> <span class='ocrx_word' id='word_1_193' title='bbox 697 2503 932 2593; x_wconf 79' lang='grc' dir='ltr'>προκαρόξαντες</span> <span class='ocrx_word' id='word_1_194' title='bbox 954 2504 1083 2592; x_wconf 86' lang='grc' dir='ltr'>ἐγδόντω</span> <span class='ocrx_word' id='word_1_195' title='bbox 1104 2503 1157 2572; x_wconf 84' lang='grc' dir='ltr'>τὰν</span> <span class='ocrx_word' id='word_1_196' title='bbox 1178 2531 1277 2594; x_wconf 89' lang='grc' dir='ltr'>παρο-</span> 
     </span>
     <span class='ocr_line' id='line_1_22' title="bbox 180 2603 1274 2696; baseline 0 -22"><span class='ocrx_word' id='word_1_197' title='bbox 180 2605 239 2696; x_wconf 81' lang='grc' dir='ltr'>χᾶν</span> <span class='ocrx_word' id='word_1_198' title='bbox 261 2613 317 2672; x_wconf 91' lang='grc' dir='ltr'>τῶν</span> <span class='ocrx_word' id='word_1_199' title='bbox 339 2605 480 2693; x_wconf 77' lang='grc' dir='ltr'>δοράτων</span> <span class='ocrx_word' id='word_1_200' title='bbox 502 2603 542 2674; x_wconf 84' lang='grc' dir='ltr'>ὧν</span> <span class='ocrx_word' id='word_1_201' title='bbox 566 2611 612 2674; x_wconf 90' lang='grc' dir='ltr'>δεῖ</span> <span class='ocrx_word' id='word_1_202' title='bbox 633 2605 764 2675; x_wconf 87' lang='grc' dir='ltr'>θόεσθαι</span> <span class='ocrx_word' id='word_1_203' title='bbox 784 2608 837 2674; x_wconf 80' lang='grc' dir='ltr'>ναί</span> <span class='ocrx_word' id='word_1_204' title='bbox 857 2609 1062 2696; x_wconf 78' lang='grc' dir='ltr'>παρίστασθαι</span> <span class='ocrx_word' id='word_1_205' title='bbox 1083 2611 1115 2675; x_wconf 87' lang='grc' dir='ltr'>ἐν</span> <span class='ocrx_word' id='word_1_206' title='bbox 1137 2611 1198 2683; x_wconf 92' lang='grc' dir='ltr'>τοῖς</span> <span class='ocrx_word' id='word_1_207' title='bbox 1217 2635 1274 2696; x_wconf 94' lang='grc' dir='ltr'>μυ-</span> 
     </span>
     <span class='ocr_line' id='line_1_23' title="bbox 181 2705 1276 2798; baseline 0.003 -24"><span class='ocrx_word' id='word_1_208' title='bbox 181 2711 310 2798; x_wconf 77' lang='grc' dir='ltr'>στηρίοις</span> <span class='ocrx_word' id='word_1_209' title='bbox 337 2707 389 2776; x_wconf 80' lang='grc' dir='ltr'>καί</span> <span class='ocrx_word' id='word_1_210' title='bbox 413 2708 451 2776; x_wconf 80' lang='grc' dir='ltr'>τὰ</span> <span class='ocrx_word' id='word_1_211' title='bbox 477 2713 520 2785; x_wconf 89' lang='grc' dir='ltr'>είς</span> <span class='ocrx_word' id='word_1_212' title='bbox 547 2709 615 2785; x_wconf 81' lang='grc' dir='ltr'>τοδς</span> <span class='ocrx_word' id='word_1_213' title='bbox 637 2711 641 2798; x_wconf 77' lang='grc' dir='ltr'><strong>ί</strong></span> <span class='ocrx_word' id='word_1_214' title='bbox 662 2707 856 2796; x_wconf 77' lang='grc' dir='ltr'>καθαρμοός,</span> <span class='ocrx_word' id='word_1_215' title='bbox 889 2707 1053 2797; x_wconf 83' lang='grc' dir='ltr'>ἐγδιδόντες</span> <span class='ocrx_word' id='word_1_216' title='bbox 1081 2705 1117 2777; x_wconf 78' lang='grc' dir='ltr'>όν</span> <span class='ocrx_word' id='word_1_217' title='bbox 1139 2737 1171 2778; x_wconf 87' lang='grc' dir='ltr'>τε</span> <span class='ocrx_word' id='word_1_218' title='bbox 1194 2713 1276 2777; x_wconf 86' lang='grc' dir='ltr'>δοκεῖ</span> 
     </span>
     <span class='ocr_line' id='line_1_24' title="bbox 181 2807 1275 2901; baseline 0.002 -23"><span class='ocrx_word' id='word_1_219' title='bbox 181 2815 325 2901; x_wconf 83' lang='grc' dir='ltr'>συνφίρον</span> <span class='ocrx_word' id='word_1_220' title='bbox 348 2813 429 2898; x_wconf 87' lang='grc' dir='ltr'>είμεν</span> <span class='ocrx_word' id='word_1_221' title='bbox 452 2815 510 2898; x_wconf 72' lang='grc' dir='ltr'>είίς]</span> <span class='ocrx_word' id='word_1_222' title='bbox 529 2811 563 2880; x_wconf 84' lang='grc' dir='ltr'>τὸ</span> <span class='ocrx_word' id='word_1_223' title='bbox 586 2811 658 2880; x_wconf 67' lang='lat' dir='ltr'>aiei</span> <span class='ocrx_word' id='word_1_224' title='bbox 680 2809 778 2880; x_wconf 89' lang='grc' dir='ltr'>πάντα</span> <span class='ocrx_word' id='word_1_225' title='bbox 799 2812 836 2879; x_wconf 81' lang='grc' dir='ltr'>τά</span> <span class='ocrx_word' id='word_1_226' title='bbox 858 2810 989 2899; x_wconf 82' lang='grc' dir='ltr'>δόματα,</span> <span class='ocrx_word' id='word_1_227' title='bbox 1016 2807 1052 2880; x_wconf 83' lang='grc' dir='ltr'>άν</span> <span class='ocrx_word' id='word_1_228' title='bbox 1073 2839 1106 2880; x_wconf 88' lang='grc' dir='ltr'>τε</span> <span class='ocrx_word' id='word_1_229' title='bbox 1127 2811 1205 2880; x_wconf 82' lang='grc' dir='ltr'>κατὰ</span> <span class='ocrx_word' id='word_1_230' title='bbox 1220 2815 1275 2900; x_wconf 77' lang='grc' dir='ltr'>μέ-</span> 
     </span>
     <span class='ocr_line' id='line_1_25' title="bbox 180 2913 1275 3005; baseline 0.002 -23"><span class='ocrx_word' id='word_1_231' title='bbox 180 2941 241 3003; x_wconf 90' lang='grc' dir='ltr'>ρος,</span> <span class='ocrx_word' id='word_1_232' title='bbox 266 2920 323 2982; x_wconf 88' lang='grc' dir='ltr'>τῶι</span> <span class='ocrx_word' id='word_1_233' title='bbox 342 2914 377 2982; x_wconf 82' lang='grc' dir='ltr'>τό</span> <span class='ocrx_word' id='word_1_234' title='bbox 400 2913 558 3004; x_wconf 78' lang='grc' dir='ltr'>ἐλάχιστον</span> <span class='ocrx_word' id='word_1_235' title='bbox 580 2914 786 3004; x_wconf 75' lang='grc' dir='ltr'>δρισταμένωι</span> <span class='ocrx_word' id='word_1_236' title='bbox 801 2917 805 3002; x_wconf 93' lang='grc' dir='ltr'>Ι</span> <span class='ocrx_word' id='word_1_237' title='bbox 822 2914 997 3004; x_wconf 75' lang='grc' dir='ltr'>λάμψεσθαι</span> <span class='ocrx_word' id='word_1_238' title='bbox 1019 2913 1174 3005; x_wconf 87' lang='grc' dir='ltr'>διάφορον.</span> <span class='ocrx_word' id='word_1_239' title='bbox 1210 2917 1275 2984; x_wconf 85' lang='grc' dir='ltr'>ἔστι</span> 
     </span>
     <span class='ocr_line' id='line_1_26' title="bbox 178 3011 1271 3108; baseline 0.002 -24"><span class='ocrx_word' id='word_1_240' title='bbox 178 3017 213 3084; x_wconf 78' lang='grc' dir='ltr'>δί</span> <span class='ocrx_word' id='word_1_241' title='bbox 241 3011 261 3084; x_wconf 79' lang='grc' dir='ltr'>οῖ</span> <span class='ocrx_word' id='word_1_242' title='bbox 288 3021 334 3084; x_wconf 91' lang='grc' dir='ltr'>δεῖ</span> <span class='ocrx_word' id='word_1_243' title='bbox 358 3021 502 3107; x_wconf 83' lang='grc' dir='ltr'>παρέχειν</span> <span class='ocrx_word' id='word_1_244' title='bbox 528 3017 585 3106; x_wconf 78' lang='grc' dir='ltr'>πρὸ</span> <span class='ocrx_word' id='word_1_245' title='bbox 615 3023 668 3084; x_wconf 80' lang='grc' dir='ltr'>τοῦ</span> <span class='ocrx_word' id='word_1_246' title='bbox 699 3011 850 3107; x_wconf 78' lang='grc' dir='ltr'>ἄρχεσθαι</span> <span class='ocrx_word' id='word_1_247' title='bbox 878 3025 934 3085; x_wconf 86' lang='grc' dir='ltr'>τῶν</span> <span class='ocrx_word' id='word_1_248' title='bbox 966 3021 1149 3106; x_wconf 72' lang='grc' dir='ltr'>μυστηρίων·</span> <span class='ocrx_word' id='word_1_249' title='bbox 1179 3013 1271 3108; x_wconf 83' lang='grc' dir='ltr'>άρνας</span> 
     </span>
     <span class='ocr_line' id='line_1_27' title="bbox 178 3115 1272 3211; baseline 0.003 -26"><span class='ocrx_word' id='word_1_250' title='bbox 178 3118 232 3187; x_wconf 89' lang='grc' dir='ltr'>δόο</span> <span class='ocrx_word' id='word_1_251' title='bbox 255 3117 396 3204; x_wconf 85' lang='grc' dir='ltr'>λεοιιοός,</span> <span class='ocrx_word' id='word_1_252' title='bbox 427 3122 476 3187; x_wconf 78' lang='grc' dir='ltr'>ἐπί</span> <span class='ocrx_word' id='word_1_253' title='bbox 497 3127 550 3188; x_wconf 83' lang='grc' dir='ltr'>ποῶ</span> <span class='ocrx_word' id='word_1_254' title='bbox 572 3123 733 3209; x_wconf 75' lang='grc' dir='ltr'>καθαρμοῦ</span> <span class='ocrx_word' id='word_1_255' title='bbox 755 3121 838 3209; x_wconf 81' lang='grc' dir='ltr'>κριόν</span> <span class='ocrx_word' id='word_1_256' title='bbox 866 3116 1012 3211; x_wconf 82' lang='grc' dir='ltr'>εόχρουν,</span> <span class='ocrx_word' id='word_1_257' title='bbox 1043 3123 1096 3188; x_wconf 85' lang='grc' dir='ltr'>καί</span> <span class='ocrx_word' id='word_1_258' title='bbox 1123 3115 1195 3189; x_wconf 81' lang='grc' dir='ltr'>όταν</span> <span class='ocrx_word' id='word_1_259' title='bbox 1215 3129 1220 3205; x_wconf 94' lang='grc' dir='ltr'>Ι</span> <span class='ocrx_word' id='word_1_260' title='bbox 1240 3125 1272 3188; x_wconf 84' lang='grc' dir='ltr'>ἐν</span> 
     </span>
     <span class='ocr_line' id='line_1_28' title="bbox 178 3221 1273 3312; baseline 0.004 -24"><span class='ocrx_word' id='word_1_261' title='bbox 178 3229 235 3290; x_wconf 91' lang='grc' dir='ltr'>τῶι</span> <span class='ocrx_word' id='word_1_262' title='bbox 256 3221 389 3311; x_wconf 89' lang='grc' dir='ltr'>θεάτρωι</span> <span class='ocrx_word' id='word_1_263' title='bbox 409 3225 563 3312; x_wconf 86' lang='grc' dir='ltr'>καθαίρει,</span> <span class='ocrx_word' id='word_1_264' title='bbox 588 3226 759 3312; x_wconf 82' lang='grc' dir='ltr'>χοιρίσκους</span> <span class='ocrx_word' id='word_1_265' title='bbox 773 3227 862 3312; x_wconf 84' lang='grc' dir='ltr'>τρεῖς,</span> <span class='ocrx_word' id='word_1_266' title='bbox 888 3221 961 3312; x_wconf 79' lang='grc' dir='ltr'>δπὲρ</span> <span class='ocrx_word' id='word_1_267' title='bbox 977 3223 1045 3299; x_wconf 80' lang='grc' dir='ltr'>τοδς</span> <span class='ocrx_word' id='word_1_268' title='bbox 1059 3225 1273 3312; x_wconf 87' lang='grc' dir='ltr'>πρωτομόστας</span> 
     </span>
     <span class='ocr_line' id='line_1_29' title="bbox 179 3323 1271 3416; baseline 0.002 -24"><span class='ocrx_word' id='word_1_269' title='bbox 179 3323 271 3413; x_wconf 74' lang='grc' dir='ltr'>ἄρνας</span> <span class='ocrx_word' id='word_1_270' title='bbox 293 3325 409 3408; x_wconf 78' lang='grc' dir='ltr'>ἑκατόν,</span> <span class='ocrx_word' id='word_1_271' title='bbox 434 3329 466 3392; x_wconf 86' lang='grc' dir='ltr'>ἐν</span> <span class='ocrx_word' id='word_1_272' title='bbox 490 3327 523 3392; x_wconf 79' lang='grc' dir='ltr'>δὲ</span> <span class='ocrx_word' id='word_1_273' title='bbox 544 3331 595 3393; x_wconf 84' lang='grc' dir='ltr'>τοῖι</span> <span class='ocrx_word' id='word_1_274' title='bbox 615 3333 732 3413; x_wconf 81' lang='grc' dir='ltr'>πομπᾶι</span> <span class='ocrx_word' id='word_1_275' title='bbox 754 3325 891 3416; x_wconf 89' lang='grc' dir='ltr'>Δάματρι</span> <span class='ocrx_word' id='word_1_276' title='bbox 913 3333 965 3394; x_wconf 85' lang='grc' dir='ltr'>σῦν</span> <span class='ocrx_word' id='word_1_277' title='bbox 989 3330 1130 3412; x_wconf 64' lang='lat' dir='ltr'>inirem,</span> <span class='ocrx_word' id='word_1_278' title='bbox 1154 3331 1216 3403; x_wconf 89' lang='grc' dir='ltr'>τοῖς</span> <span class='ocrx_word' id='word_1_279' title='bbox 1238 3329 1271 3394; x_wconf 82' lang='grc' dir='ltr'>δὲ</span> 
     </span>
     <span class='ocr_line' id='line_1_30' title="bbox 182 3427 1273 3518; baseline 0.001 -22"><span class='ocrx_word' id='word_1_280' title='bbox 182 3428 335 3517; x_wconf 86' lang='grc' dir='ltr'>Μεγάλοις</span> <span class='ocrx_word' id='word_1_281' title='bbox 354 3437 359 3510; x_wconf 95' lang='grc' dir='ltr'>Ι</span> <span class='ocrx_word' id='word_1_282' title='bbox 378 3431 460 3504; x_wconf 85' lang='grc' dir='ltr'>θεοῖς</span> <span class='ocrx_word' id='word_1_283' title='bbox 488 3427 617 3516; x_wconf 87' lang='grc' dir='ltr'>δάμαλιν</span> <span class='ocrx_word' id='word_1_284' title='bbox 647 3432 729 3516; x_wconf 81' lang='grc' dir='ltr'>διετῆ</span> <span class='ocrx_word' id='word_1_285' title='bbox 753 3437 820 3511; x_wconf 80' lang='grc' dir='ltr'>οὖν,</span> <span class='ocrx_word' id='word_1_286' title='bbox 845 3427 973 3518; x_wconf 80' lang='grc' dir='ltr'>Ἑρμᾶνι</span> <span class='ocrx_word' id='word_1_287' title='bbox 994 3429 1088 3518; x_wconf 82' lang='grc' dir='ltr'>κριόν,</span> <span class='ocrx_word' id='word_1_288' title='bbox 1109 3428 1273 3497; x_wconf 81' lang='grc' dir='ltr'>Ἀπόλλωνι</span> 
     </span>
     <span class='ocr_line' id='line_1_31' title="bbox 177 3525 1269 3620; baseline 0.001 -23"><span class='ocrx_word' id='word_1_289' title='bbox 177 3529 331 3620; x_wconf 88' lang='grc' dir='ltr'>Καρνείωι</span> <span class='ocrx_word' id='word_1_290' title='bbox 359 3527 488 3620; x_wconf 82' lang='grc' dir='ltr'>κάπρον,</span> <span class='ocrx_word' id='word_1_291' title='bbox 511 3525 617 3618; x_wconf 85' lang='grc' dir='ltr'>Ἅγναι</span> <span class='ocrx_word' id='word_1_292' title='bbox 646 3531 706 3598; x_wconf 88' lang='grc' dir='ltr'>οίν·</span> <span class='ocrx_word' id='word_1_293' title='bbox 742 3530 814 3598; x_wconf 69' lang='lat' dir='ltr'>iii</span> <span class='ocrx_word' id='word_1_294' title='bbox 836 3530 1029 3619; x_wconf 75' lang='grc' dir='ltr'>ίγδεξάμενος</span> <span class='ocrx_word' id='word_1_295' title='bbox 1050 3530 1269 3620; x_wconf 82' lang='grc' dir='ltr'>κατεγγυεόσας</span> 
     </span>
     <span class='ocr_line' id='line_1_32' title="bbox 134 3631 1270 3724; baseline 0.004 -26"><span class='ocrx_word' id='word_1_296' title='bbox 134 3647 167 3698; x_wconf 82' lang='lat' dir='ltr'>io</span> <span class='ocrx_word' id='word_1_297' title='bbox 181 3633 248 3701; x_wconf 90' lang='grc' dir='ltr'>ποτί</span> <span class='ocrx_word' id='word_1_298' title='bbox 268 3632 337 3709; x_wconf 76' lang='grc' dir='ltr'>τοὺς</span> <span class='ocrx_word' id='word_1_299' title='bbox 360 3633 456 3724; x_wconf 82' lang='grc' dir='ltr'>ίεροδς</span> <span class='ocrx_word' id='word_1_300' title='bbox 478 3636 604 3722; x_wconf 67' lang='grc' dir='ltr'>λαίγβίτω</span> <span class='ocrx_word' id='word_1_301' title='bbox 625 3633 662 3701; x_wconf 78' lang='grc' dir='ltr'>τὰ</span> <span class='ocrx_word' id='word_1_302' title='bbox 684 3631 817 3723; x_wconf 89' lang='grc' dir='ltr'>διάφορα</span> <span class='ocrx_word' id='word_1_303' title='bbox 839 3633 890 3700; x_wconf 83' lang='grc' dir='ltr'>καί</span> <span class='ocrx_word' id='word_1_304' title='bbox 903 3637 1075 3724; x_wconf 87' lang='grc' dir='ltr'>παριστάτω</span> <span class='ocrx_word' id='word_1_305' title='bbox 1096 3633 1135 3702; x_wconf 77' lang='grc' dir='ltr'>τὰ</span> <span class='ocrx_word' id='word_1_306' title='bbox 1148 3632 1270 3722; x_wconf 82' lang='grc' dir='ltr'>δόματα</span> 
     </span>
     <span class='ocr_line' id='line_1_33' title="bbox 177 3734 1271 3826; baseline 0.001 -22"><span class='ocrx_word' id='word_1_307' title='bbox 177 3735 279 3826; x_wconf 86' lang='grc' dir='ltr'>εόίερα</span> <span class='ocrx_word' id='word_1_308' title='bbox 308 3736 430 3826; x_wconf 80' lang='grc' dir='ltr'>καθαρὰ</span> <span class='ocrx_word' id='word_1_309' title='bbox 453 3735 622 3826; x_wconf 80' lang='grc' dir='ltr'>δλόκλαρα,</span> <span class='ocrx_word' id='word_1_310' title='bbox 649 3737 701 3804; x_wconf 83' lang='grc' dir='ltr'>καί</span> <span class='ocrx_word' id='word_1_311' title='bbox 723 3734 897 3810; x_wconf 73' lang='grc' dir='ltr'>ἐπιδειξάτω</span> <span class='ocrx_word' id='word_1_312' title='bbox 919 3739 980 3812; x_wconf 90' lang='grc' dir='ltr'>τοῖς</span> <span class='ocrx_word' id='word_1_313' title='bbox 1003 3740 1094 3826; x_wconf 81' lang='grc' dir='ltr'>ἱεροῖς</span> <span class='ocrx_word' id='word_1_314' title='bbox 1114 3736 1172 3826; x_wconf 83' lang='grc' dir='ltr'>πρὸ</span> <span class='ocrx_word' id='word_1_315' title='bbox 1195 3736 1271 3825; x_wconf 78' lang='grc' dir='ltr'>ἁμε-</span> 
     </span>
     <span class='ocr_line' id='line_1_34' title="bbox 178 3840 1271 3929; baseline 0.003 -24"><span class='ocrx_word' id='word_1_316' title='bbox 178 3845 232 3928; x_wconf 79' lang='grc' dir='ltr'>ρᾶν</span> <span class='ocrx_word' id='word_1_317' title='bbox 255 3843 330 3907; x_wconf 76' lang='grc' dir='ltr'>δέκα</span> <span class='ocrx_word' id='word_1_318' title='bbox 350 3848 410 3906; x_wconf 88' lang='grc' dir='ltr'>τῶν</span> <span class='ocrx_word' id='word_1_319' title='bbox 433 3843 618 3929; x_wconf 83' lang='grc' dir='ltr'>μυστηρίων·</span> <span class='ocrx_word' id='word_1_320' title='bbox 646 3843 707 3914; x_wconf 88' lang='grc' dir='ltr'>τοῖς</span> <span class='ocrx_word' id='word_1_321' title='bbox 724 3840 728 3926; x_wconf 70' lang='grc' dir='ltr'><strong>ί</strong></span> <span class='ocrx_word' id='word_1_322' title='bbox 745 3841 779 3906; x_wconf 85' lang='grc' dir='ltr'>δὲ</span> <span class='ocrx_word' id='word_1_323' title='bbox 802 3843 1046 3926; x_wconf 79' lang='grc' dir='ltr'>δοκιμασθέντοις</span> <span class='ocrx_word' id='word_1_324' title='bbox 1067 3844 1189 3927; x_wconf 90' lang='grc' dir='ltr'>σαμεῖον</span> <span class='ocrx_word' id='word_1_325' title='bbox 1205 3845 1271 3908; x_wconf 80' lang='grc' dir='ltr'>ἐπι-</span> 
     </span>
     <span class='ocr_line' id='line_1_35' title="bbox 178 3940 1271 4032; baseline 0 -22"><span class='ocrx_word' id='word_1_326' title='bbox 178 3943 313 4032; x_wconf 84' lang='grc' dir='ltr'>βαλόντω</span> <span class='ocrx_word' id='word_1_327' title='bbox 335 3945 364 4010; x_wconf 89' lang='grc' dir='ltr'>σί</span> <span class='ocrx_word' id='word_1_328' title='bbox 392 3945 485 4031; x_wconf 83' lang='grc' dir='ltr'>ίεροί,</span> <span class='ocrx_word' id='word_1_329' title='bbox 515 3945 567 4010; x_wconf 85' lang='grc' dir='ltr'>καί</span> <span class='ocrx_word' id='word_1_330' title='bbox 588 3941 626 4010; x_wconf 83' lang='grc' dir='ltr'>τά</span> <span class='ocrx_word' id='word_1_331' title='bbox 648 3944 856 4030; x_wconf 82' lang='grc' dir='ltr'>σαμειιυθέντα</span> <span class='ocrx_word' id='word_1_332' title='bbox 877 3941 1048 4031; x_wconf 85' lang='grc' dir='ltr'>παριστάτω</span> <span class='ocrx_word' id='word_1_333' title='bbox 1070 3940 1087 4009; x_wconf 82' lang='grc' dir='ltr'>δ</span> <span class='ocrx_word' id='word_1_334' title='bbox 1109 3941 1271 4031; x_wconf 80' lang='grc' dir='ltr'>ίγδείάμε-</span> 
     </span>
     <span class='ocr_line' id='line_1_36' title="bbox 174 4041 1269 4134; baseline -0.001 -22"><span class='ocrx_word' id='word_1_335' title='bbox 174 4068 239 4120; x_wconf 93' lang='grc' dir='ltr'>νος·</span> <span class='ocrx_word' id='word_1_336' title='bbox 279 4041 315 4112; x_wconf 79' lang='grc' dir='ltr'>δν</span> <span class='ocrx_word' id='word_1_337' title='bbox 349 4046 382 4112; x_wconf 85' lang='grc' dir='ltr'>δὲ</span> <span class='ocrx_word' id='word_1_338' title='bbox 416 4043 457 4132; x_wconf 80' lang='grc' dir='ltr'><strong>μή</strong></span> <span class='ocrx_word' id='word_1_339' title='bbox 489 4052 632 4134; x_wconf 78' lang='grc' dir='ltr'>παριστδι</span> <span class='ocrx_word' id='word_1_340' title='bbox 660 4045 709 4112; x_wconf 83' lang='grc' dir='ltr'>ἐπί</span> <span class='ocrx_word' id='word_1_341' title='bbox 738 4043 791 4112; x_wconf 80' lang='grc' dir='ltr'>τὰν</span> <span class='ocrx_word' id='word_1_342' title='bbox 813 4047 1010 4133; x_wconf 72' lang='grc' dir='ltr'>δοκιμασίίαν,</span> <span class='ocrx_word' id='word_1_343' title='bbox 1040 4043 1217 4134; x_wconf 88' lang='grc' dir='ltr'>πρασσόντω</span> <span class='ocrx_word' id='word_1_344' title='bbox 1240 4049 1269 4112; x_wconf 93' lang='grc' dir='ltr'>οί</span> 
     </span>
    </p>
   </div>
   <div class='ocr_carea' id='block_1_3' title="bbox 86 4303 1271 4541">
    <p class='ocr_par' dir='ltr' id='par_1_3' title="bbox 86 4303 1271 4541">
     <span class='ocr_line' id='line_1_37' title="bbox 156 4303 1271 4377; baseline 0.001 -21"><span class='ocrx_word' id='word_1_345' title='bbox 156 4309 188 4356; x_wconf 70' lang='grc' dir='ltr'>τε</span> <span class='ocrx_word' id='word_1_346' title='bbox 207 4303 308 4374; x_wconf 73' lang='grc' dir='ltr'>ίαδτμα</span> <span class='ocrx_word' id='word_1_347' title='bbox 324 4307 483 4357; x_wconf 71' lang='lat' dir='ltr'><strong>recentioris</strong></span> <span class='ocrx_word' id='word_1_348' title='bbox 495 4305 590 4357; x_wconf 76' lang='lat' dir='ltr'><strong>aetatis</strong></span> <span class='ocrx_word' id='word_1_349' title='bbox 603 4315 696 4357; x_wconf 76' lang='lat' dir='ltr'><strong>vocem</strong></span> <span class='ocrx_word' id='word_1_350' title='bbox 712 4319 771 4358; x_wconf 81' lang='grc' dir='ltr'>εεεε</span> <span class='ocrx_word' id='word_1_351' title='bbox 789 4319 859 4372; x_wconf 77' lang='lat' dir='ltr'><strong>quae</strong></span> <span class='ocrx_word' id='word_1_352' title='bbox 877 4306 1037 4370; x_wconf 73' lang='lat' dir='ltr'><strong>antiquioris</strong></span> <span class='ocrx_word' id='word_1_353' title='bbox 1054 4303 1211 4377; x_wconf 80' lang='grc' dir='ltr'>πρόγραμμα</span> <span class='ocrx_word' id='word_1_354' title='bbox 1229 4307 1271 4357; x_wconf 84' lang='lat' dir='ltr'>vi-</span> 
     </span>
     <span class='ocr_line' id='line_1_38' title="bbox 86 4387 1269 4460; baseline 0.003 -19"><span class='ocrx_word' id='word_1_355' title='bbox 86 4403 134 4442; x_wconf 84' lang='grc' dir='ltr'>υοε</span> <span class='ocrx_word' id='word_1_356' title='bbox 145 4393 260 4456; x_wconf 74' lang='lat' dir='ltr'>gereret,</span> <span class='ocrx_word' id='word_1_357' title='bbox 281 4393 306 4442; x_wconf 91' lang='lat' dir='ltr'>S.</span> <span class='ocrx_word' id='word_1_358' title='bbox 320 4391 458 4443; x_wconf 67' lang='lat' dir='ltr'><strong>adnotavit</strong></span> <span class='ocrx_word' id='word_1_359' title='bbox 476 4403 628 4456; x_wconf 73' lang='lat' dir='ltr'>provocans</span> <span class='ocrx_word' id='word_1_360' title='bbox 644 4391 678 4442; x_wconf 77' lang='lat' dir='ltr'>ad</span> <span class='ocrx_word' id='word_1_361' title='bbox 697 4391 863 4444; x_wconf 80' lang='lat' dir='ltr'><strong>Lobeckium</strong></span> <span class='ocrx_word' id='word_1_362' title='bbox 882 4390 980 4454; x_wconf 79' lang='lat' dir='ltr'>Phryn.</span> <span class='ocrx_word' id='word_1_363' title='bbox 1007 4403 1034 4456; x_wconf 87' lang='lat' dir='ltr'>p.</span> <span class='ocrx_word' id='word_1_364' title='bbox 1049 4393 1113 4454; x_wconf 68' lang='grc' dir='ltr'>τίνς</span> <span class='ocrx_word' id='word_1_365' title='bbox 1133 4387 1269 4460; x_wconf 75' lang='grc' dir='ltr'>θπίιιθτμα</span> 
     </span>
     <span class='ocr_line' id='line_1_39' title="bbox 86 4475 1051 4541; baseline 0.003 -15"><span class='ocrx_word' id='word_1_366' title='bbox 86 4475 168 4541; x_wconf 75' lang='lat' dir='ltr'><strong>igitur</strong></span> <span class='ocrx_word' id='word_1_367' title='bbox 185 4475 304 4528; x_wconf 75' lang='lat' dir='ltr'><strong>tabulam</strong></span> <span class='ocrx_word' id='word_1_368' title='bbox 322 4477 368 4528; x_wconf 76' lang='lat' dir='ltr'><strong>aiii</strong></span> <span class='ocrx_word' id='word_1_369' title='bbox 386 4477 463 4541; x_wconf 74' lang='lat' dir='ltr'><strong>quasi</strong></span> <span class='ocrx_word' id='word_1_370' title='bbox 481 4477 653 4529; x_wconf 76' lang='lat' dir='ltr'><strong>subiunctam</strong></span> <span class='ocrx_word' id='word_1_371' title='bbox 671 4481 719 4528; x_wconf 76' lang='lat' dir='ltr'>aui</span> <span class='ocrx_word' id='word_1_372' title='bbox 737 4477 870 4529; x_wconf 73' lang='lat' dir='ltr'><strong>adnexam</strong></span> <span class='ocrx_word' id='word_1_373' title='bbox 888 4475 1051 4540; x_wconf 74' lang='lat' dir='ltr'><strong>significare.</strong></span> 
     </span>
    </p>
   </div>
   <div class='ocr_carea' id='block_1_4' title="bbox 0 0 1548 5066">
    <p class='ocr_par' dir='ltr' id='par_1_4' title="bbox 0 0 1548 5066">
     <span class='ocr_line' id='line_1_40' title="bbox 0 0 1548 5066; baseline 0 3"><span class='ocrx_word' id='word_1_374' title='bbox 0 0 1548 5066; x_wconf 95' lang='lat' dir='ltr'> </span> 
     </span>
    </p>
   </div>
  </div>
 </body>
</html>
