3110 5056
101 336 186 405 -et]
226 339 258 387 ll.
290 335 383 387 Atina
401 336 465 387 belli
482 335 702 400 Peloponnesiaci
719 335 754 386 ed
771 335 914 386 Alexandri
932 335 1018 400 Magni
1037 337 1160 386 mortem.
1232 337 1291 398 115

106 543 175 595 llell.
195 544 238 602 iil,
259 545 284 605 6,
306 546 347 594 te.
421 545 448 590 44
470 541 686 594 446644666664664
710 543 805 593 civitas
823 543 906 594 Oreus
924 543 977 592 4664
995 545 1057 592 6646
1075 555 1090 590 6
1109 542 1292 593 Lacedaemo-

106 631 159 680 niis
172 627 323 680 desciverat
338 629 402 690 (664.
417 629 460 692 66)
478 627 527 679 sed
545 631 602 678 tum
621 629 732 679 demum
750 629 871 680 societati
883 627 1017 692 adscripta
1030 631 1081 678 664.
1155 629 1186 676 46
1199 629 1292 692 Ignota

105 715 211 766 civitas.
284 718 316 764 46
335 713 508 774 Chersonesi,
528 712 562 764 ci.
582 727 610 764 n.
631 717 690 766 464.
762 715 792 762 44
812 709 876 780 nie<
893 709 943 764 44446
963 709 1010 776 (ἐν)
1030 715 1076 764 τοῦ
1088 699 1165 766 'Ata
1186 718 1226 774 44,
1248 715 1289 764 66.

106 805 149 864 46,
170 803 213 849 64.
235 805 276 860 44,
297 803 339 852 66.
362 803 402 863 46,
423 804 465 850 64.
591 802 621 849 te
640 797 738 850 Urbem
762 799 789 848 in
807 797 936 849 Thraciae
959 811 1005 848 ora
1024 811 1108 865 prope
1126 799 1288 858 Antiserem,

104 900 119 937 6
138 886 251 950 regione
270 884 348 935 l'hasi
372 885 490 947 insulae,
517 887 596 937 sitem
623 883 667 948 (64.
688 883 740 945 464)
766 883 972 948 intellegendam
995 897 1054 935 esse
1078 883 1146 934 vidit
1164 883 1292 934 Schaeier

104 972 139 1022 de
164 983 222 1024 soc.
248 984 274 1036 p.
295 973 339 1035 46;
362 983 479 1036 namque
502 983 535 1022 ex
553 971 667 1036 reliquis
684 967 790 1020 duabus
808 968 1013 1033 cognominibus
1031 968 1122 1029 altera,
1143 968 1291 1020 Athenien-

104 1060 178 1108 sium
201 1057 307 1108 colonia
330 1058 358 1106 in
376 1055 545 1108 Chersoneso
563 1059 614 1109 sita
639 1050 779 1120 (Νιάπολις
801 1045 850 1106 ἀπ’
870 1047 991 1123 'Aloeus
1017 1058 1063 1116 46,
1084 1054 1127 1118 66)
1154 1058 1212 1106 turn
1237 1067 1291 1104 non

104 1145 159 1193 4664
178 1140 264 1194 464666
282 1142 399 1204 videtur,
418 1141 501 1194 altera
514 1142 637 1194 Pallenes
653 1140 838 1208 paeninsulae,
859 1140 1048 1192 idendaaorum
1067 1140 1172 1192 6646646
1193 1140 1243 1204 (46,
1266 1144 1290 1192 6.

104 1233 129 1278 t.
152 1233 195 1290 44,
217 1231 258 1278 46.
279 1230 320 1279 46.
342 1232 383 1289 46,
406 1231 446 1278 44.
469 1229 510 1292 46)
529 1231 592 1280 6646
610 1226 744 1278 Timothei
761 1225 863 1278 bellum
877 1225 1066 1291 Olynthiacum
1084 1228 1111 1276 in
1130 1229 1292 1292 potestatem

103 1314 314 1365 Atheniensium
331 1315 473 1379 pervenire
496 1327 550 1366 non
573 1316 670 1381 potuit.
777 1316 809 1362 46
827 1311 866 1364 ci.
885 1312 953 1363 lien.
976 1311 1043 1364 llell.
1063 1311 1115 1372 XI,
1136 1316 1165 1374 6,
1192 1315 1207 1360 6
1231 1309 1292 1363 ὅδὲ

107 1395 254 1467 (Τιμόθεος)
276 1395 331 1466 ἅμα
349 1395 486 1451 ἀποπλέων
503 1397 561 1458 τοὺς
578 1405 630 1452 τῶν
642 1394 793 1452 Ζακυνθίων
812 1395 925 1467 φυγάδας
943 1393 1096 1465 ἀπεβίβασεν
1114 1396 1150 1455 εἰς
1174 1397 1221 1466 τὴν
1235 1397 1292 1467 χώ-

50 1551 51 1554 Ὶ
105 1501 151 1554 ραν
169 1481 265 1536 αὐτῶν.
301 1485 340 1535 446
362 1485 406 1536 4446
423 1483 548 1537 exulibus
565 1485 644 1536 Diod.
671 1485 730 1546 XV,
760 1487 791 1534 46
820 1485 877 1550 (qui
903 1497 951 1534 eos
977 1495 1120 1548 perperam
1149 1484 1293 1548 optimates

105 1569 191 1622 luisse
209 1571 309 1632 4464464)
331 1570 398 1622 haec
409 1569 504 1620 habet:
526 1567 731 1638 διαβιβασθένῐις
748 1567 784 1628 εἰς
801 1567 848 1639 τὴν
865 1573 943 1638 νῆσον
960 1565 1008 1620 ὑπ’
1025 1565 1104 1620 uitreis
1121 1565 1293 1635 κατελάβοντο

103 1653 203 1726 χωρίον
222 1653 316 1726 ὀχυρὸν
334 1652 403 1724 παρὰ
419 1651 548 1708 θάλατταν
572 1653 790 1726 ὃπροςηγόρευον
813 1647 960 1724 ‘Aeaeae
998 1655 1105 1705 Frustra
1124 1649 1224 1722 Νήλλῳ
1243 1667 1294 1706 no·

104 1754 169 1792 men
193 1741 359 1792 coniecturis
382 1743 522 1792 tentarunt
547 1741 671 1792 homines
695 1742 776 1792 docti.
813 1741 925 1794 Arcadia
950 1741 1034 1806 ipsius
1057 1739 1176 1800 castelli,
1199 1739 1293 1790 Nellus

103 1828 216 1888 montis,
238 1827 265 1876 in
284 1839 338 1891 quo
356 1829 522 1878 exstructum
540 1831 606 1888 erat,
626 1839 726 1878 nomen
750 1825 834 1878 luisse
857 1827 964 1877 videtur
989 1825 1110 1888 (Bursian
1129 1825 1224 1890 Geogr.
1247 1827 1291 1876 Gr.

104 1913 128 1963 11
145 1926 174 1978 p.
195 1913 267 1975 644),
287 1923 340 1976 que
357 1925 387 1963 46
406 1911 487 1963 simul
509 1911 659 1978 explicetur
675 1911 783 1964 articuli
800 1925 881 1973 usus,
902 1913 949 1978 qui
967 1911 1106 1962 6446664664
1126 1909 1176 1963 44444
1194 1911 1293 1962 Meiere

103 2002 133 2048 et
150 1995 304 2048 Sohaelero.
341 1997 467 2050 Cetermn
485 2001 686 2064 occupaverunt
708 1998 852 2064 populares
873 1997 950 2049 illum
976 1997 1065 2050 locum
1088 1999 1143 2048 4664
1168 2009 1233 2047 cum
1250 1997 1293 2047 Ti·

102 2084 233 2134 motheus
256 2095 289 2134 ex
307 2085 376 2134 mari
394 2085 468 2134 ionio
486 2083 600 2145 rediret,
620 2097 684 2135 vere
702 2087 751 2134 644
770 2098 794 2136 a.
815 2083 895 2148 Chr,
921 2085 993 2134 6446
1012 2084 1170 2135 societatem
1189 2083 1292 2148 recepti

103 2181 166 2220 esse
184 2181 240 2218 nou
257 2173 371 2234 possunt
387 2173 449 2222 ante
462 2173 639 2222 auctumnum
653 2174 712 2234 646,
732 2171 795 2236 qnia
814 2175 963 2221 extremum
982 2168 1074 2222 locum
1091 2172 1184 2220 tenent
1201 2169 1228 2218 in
1247 2180 1293 2218 66-

104 2256 214 2306 ciorum
232 2252 370 2307 laterculo.

194 2543 239 2611 64
262 2545 379 2608 Τ644646
403 2549 566 2609 marmoris
588 2547 736 2610 Pentelici
759 2549 889 2609 iuventa
909 2547 993 2609 inter
1007 2547 1163 2608 theatrum
1180 2545 1292 2607 Bacchi

104 2661 140 2710 et
162 2648 277 2711 odeum
301 2647 441 2711 Herodis.
482 2646 540 2710 Ed.
566 2650 700 2711 Kochler
723 2649 757 2712 G.
782 2651 806 2711 l.
831 2650 896 2712 Α44.
922 2649 948 2711 ll
974 2648 1048 2710 tit.

194 2829 477 2921 [llpltcrora'lpc
510 2843 531 2915 [2'
564 2831 757 2922 Εὖφιλήτο

194 2933 411 3024 [Ἂχ)6ρνεὸς
434 2934 754 3024 ἐγραμμάτ666[ν].

192 3035 294 3123 [Ἒπῌ
317 3037 528 3106 Ν6664ν4446
551 3031 760 3128 ἄρχοντος1

163 3170 326 3260 6)Ἔδο]ξεν
347 3181 398 3263 τῆι
413 3178 501 3263 βολῆι
514 3178 566 3243 aul
582 3183 634 3243 τῶι
649 3174 758 3263 δήμων,
784 3178 918 3263 damnali<
934 3179 943 3264 li
958 3174 1159 3266 ἐπρυτρνευεν
1170 3181 1193 3258 ²,
1215 3175 1295 3263 Ἀρι-

194 3281 334 3365 στοτέλης
363 3276 622 3367 ἐγραμμάτευ))εν,
652 3285 708 3348 τῶν
736 3281 895 3369 6446446644
926 3279 1107 3368 ἑπεψήφιζεν
1138 3276 1295 3368 Παντάρε-

175 3539 292 3591 litterae
310 3539 431 3618 vplgarcs
448 3541 554 3592 lonicae
573 3538 707 3611 στοιχηδὸν
726 3540 873 3608 dispositae
891 3544 999 3608 praeter
1015 3555 1040 3594 ν.
1063 3545 1127 3591 4-6
1147 3540 1296 3592 maioribus

101 3627 204 3678 litteris
223 3621 357 3678 exaratos.
439 3631 448 3676 4
471 3625 510 3679 04.
533 3629 591 3688 466,
613 3629 626 3674 6
647 3625 729 3694 (64614
748 3641 772 3678 6.
793 3626 880 3690 Chr).
963 3631 978 3676 6
997 3629 1123 3680 Octavam
1142 3627 1294 3693 prytaniam

101 3723 166 3763 6666
184 3713 244 3762 veri
263 3710 360 3774 simile,
380 3713 495 3778 septima
511 3713 691 3778 posteriorem
709 3726 769 3766 esse
788 3715 892 3765 certum
912 3716 960 3765 est.
992 3714 1063 3767 Nam
1081 3712 1215 3766 Diodorus
1234 3711 1291 3770 XV,

102 3803 137 3848 66
157 3799 220 3864 post
236 3795 410 3863 plebiscitum
432 3799 607 3862 (Aristotelis,
633 3812 660 3848 6.
682 3799 723 3863 66)
748 3811 802 3864 quo
819 3799 894 3850 vetiti
913 3799 1003 3851 essent
1020 3799 1198 3851 Athenienses
1216 3810 1294 3862 egros

101 3885 130 3934 in
152 3883 290 3933 sociorum
309 3883 380 3934 terra
398 3885 547 3948 acquirere,
573 3885 676 3951 primos
694 3883 820 3936 Euboeae
842 3885 958 3952 populos
980 3888 1088 3952 praeter
1106 3884 1294 3936 Hestiaeenses

99 3969 137 4020 ad
157 3969 315 4020 societatem
333 3969 480 4020 accessisse
492 3972 591 4020 664464.
618 3969 649 4021 li.
675 3969 749 4030 Ques
762 3972 828 4035 quin
841 3971 965 4022 accurate
978 3969 1062 4022 relata
1074 3972 1137 4032 sint,
1158 3983 1190 4021 66
1203 3971 1295 4020 4646446

98 4051 232 4106 dubitare
256 4054 335 4115 licet,
365 4055 428 4119 quia
452 4067 547 4105 eorum
570 4056 680 4108 nomina
703 4057 731 4106 in
756 4057 892 4108 sociorum
911 4055 1040 4108 laterculo
1058 4067 1112 4107 uon
1131 4055 1211 4107 simul
1230 4068 1294 4106 oum

99 4139 257 4206 plebiscito,
277 4137 326 4190 sed
345 4142 439 4206 postea
457 4141 542 4191 incise
561 4145 623 4192 suut
650 4140 741 4206 (661).
782 4144 851 4194 Ante
876 4155 999 4194 mensem
1018 4143 1117 4192 Maium
1141 4153 1166 4192 a.
1193 4145 1241 4191 644
1266 4154 1292 4194 6.

3 4233 7 4260 ³
99 4225 167 4278 Chr.
195 4222 372 4277 Euboeenses
391 4223 486 4277 ioedus
504 4239 567 4278 64464
581 4227 790 4286 Atheniensibus
807 4227 905 4280 iecisse
923 4227 1024 4292 4466644,
1044 4227 1094 4278 dar
1111 4229 1205 4279 zweite
1217 4227 1296 4279 athe-

99 4311 200 4362 nische
217 4310 296 4362 ilund
319 4324 346 4377 p.
368 4313 417 4362 444
441 4325 473 4363 64
496 4314 536 4365 646
555 4327 625 4378 quae
643 4313 677 4366 de
695 4315 825 4367 Chabriae
849 4313 1018 4382 expeditione
1042 4316 1187 4366 6644664444
1206 4313 1293 4378 (Diod.

96 4397 160 4458 XV,
184 4399 225 4460 66,
247 4397 270 4460 6)
289 4397 405 4462 collegit.
444 4399 512 4450 Ante
531 4399 629 4451 lullum
653 4413 775 4453 64666646
792 4402 898 4466 utique,
923 4400 1072 4452 Nausinico
1091 4403 1232 4453 etiamtum
1250 4415 1293 4451 ar-

97 4484 212 4543 chonte,
232 4481 411 4535 inclamasse
430 4483 474 4536 hic
493 4485 587 4536 titulus
605 4485 716 4536 indicat.

1056 4590 1088 4642 fl*
