3110 5056
101 341 166 406 its]
259 342 303 392 lll.
335 341 375 392 hb
394 342 536 393 Alexandri
555 341 642 406 lingui
661 346 748 394 morte
765 343 799 394 ad
820 343 978 395 Corinthum
997 345 1123 398 deletam.
1235 348 1296 410 227

193 543 250 612 ὑπὸ
273 547 446 633 Δημητρίου
468 547 520 612 καί
539 545 725 634 'Avdthosoiu
737 551 773 631 1²,
804 549 940 622 καὶτοῖς
963 547 1011 614 ἀεί
1032 547 1297 638 τεριτυνχοίνουσιν

149 643 357 734 subderetur
380 646 537 737 χρήσιρηος
560 644 601 716 ὢν
624 652 756 718 διατελεῖ
785 647 894 718 καθότι
920 646 956 718 ἂν
979 655 1103 726 ἕκαστος
1127 650 1215 720 αὐτὸν
1237 679 1298 719 πα-

194 753 388 839 ρακαλείηῖλίῖ,
414 752 465 821 καί
486 755 690 842 κομισαμένου
712 760 765 820 τοῦ
789 756 882 841 elpes
902 751 956 841 τήν
984 757 1159 844 ἐλευθερίαν
1188 760 1299 834 druria-

194 857 297 921 τέλεκε
320 857 416 943 λέγων
439 857 490 922 καί
512 854 648 944 πράττων
671 855 709 924 τὰ
730 858 921 945 συμφέροντα
942 859 989 924 τεῖ
1002 863 1055 944 της
1075 858 1079 945 Ι
1098 855 1214 934 πόλεως
1238 863 1313 925 σω-Ι

192 959 304 1044 τηρίαι,
330 959 382 1024 καί
403 964 589 1046 παρακαλῶν
612 958 661 1026 τὸν
687 962 814 1048 βασιλέα
837 962 968 1047 βοηθίεῖν
991 961 1043 1027 καί
1071 958 1223 1049 χρήμασιν
1246 963 1298 1028 καί

150 1063 290 1141 scetem,
315 1057 396 1138 ὅπως
420 1058 455 1128 ἂν
479 1066 616 1150 διαμένει
647 1059 662 1129 ὁ
686 1063 789 1150 δῆμίΙυς
812 1059 972 1154 ἐλευθερος
1001 1059 1042 1130 ὢν
1069 1066 1121 1130 καί
1150 1062 1199 1132 τὸν
1224 1065 1299 1132 Πει-

194 1171 265 1254 ραιᾶ
287 1166 449 1251 κομίσηται
470 1166 522 1232 καί
543 1165 580 1232 τὰ
599 1165 604 1254 Ι
624 1164 755 1254 φρούρια
776 1165 828 1252 τίην
844 1169 986 1255 ταχίστην
997 1171 1033 1248 ¹⁴,
1059 1167 1110 1234 καί
1134 1165 1207 1256 ὑπὲρ
1229 1165 1299 1236 τού-

192 1293 252 1335 των
279 1265 410 1353 idolator
439 1266 594 1356 πολξλοίκις
631 1267 857 1358 μεμαρτύρηκεν
891 1269 985 1336 αὐτῶν
1011 1267 1027 1336 ὃ
1058 1270 1198 1358 βασιλεύς
1225 1270 1299 1360 πρὸς

192 1367 260 1444 τοὺς
281 1369 527 1460 ribbodonem(
539 1371 705 1460 Ἀθηναίων
726 1372 800 1461 πρὸς
823 1369 943 1440 ἑαυτόν·
974 1372 1025 1440 καί
1046 1375 1300 1462 χειροτονίίηθείίς

149 1470 419 1562 4οτίηωνοθέτης15
452 1475 501 1541 ἐπί
522 1474 642 1542 Ἰσαίου
672 1469 853 1564 ἄρχοντσςίί
887 1473 1075 1564 ὖπήκουσείίίν
1110 1484 1164 1544 τῶι
1193 1478 1300 1564 diripiet

192 1576 353 1664 ἐθελοντὴς
368 1582 421 1644 ἐκκ
435 1584 527 1645 idest
552 1580 646 1658 ἰδίων,
670 1575 724 1653 τοὶς
745 1605 778 1646 τε
799 1580 962 1666 πατρίοΗυς
984 1582 1100 1664 θυσία]ς
1115 1581 1222 1648 ἔθυσεν
1238 1583 1300 1655 τοῖς

192 1681 276 1754 θεοῖς
309 1678 383 1768 ὑπὲρ
414 1687 466 1747 τοῦ
500 1678 608 1768 δήμου,
645 1682 696 1748 καί
729 1681 803 1769 risso
833 1683 1034 1770 διωβελία]ν18
1066 1683 1178 1749 ἔδωκεν
1207 1689 1299 1750 πᾶσιν

190 1780 360 1868 Ἀθηναίοις
388 1779 502 1859 πάντας
530 1782 598 1858 τοὺς
618 1785 622 1870 Ι
641 1783 817 1872 lipebrunem,
854 1787 906 1852 καί
940 1787 1084 1868 sedisset
1116 1783 1216 1873 ἀγῶνα
1243 1813 1300 1852 κα-

192 1883 371 1953 τεσκεύασεν
396 1889 442 1952 rei
470 1885 628 1976 Ar'pllrprpt
657 1889 708 1954 καί
742 1892 788 1955 τεῖ
817 1885 952 1976 Κο’ρε]ι20
976 1891 1108 1976 [opidanos
1137 1885 1300 1976 ὑπόμνημα

104 2165 181 2214 cives
199 2165 245 2228 qui
263 2165 399 2216 adversati
419 2165 524 2218 lucrant
542 2166 671 2217 Demetrii
691 2166 883 2228 dominationi,
913 2165 948 2217 ab
967 2180 1000 2216 eo
1018 2167 1209 2232 comprehensi
1228 2171 1255 2218 et
1272 2171 1298 2218 in
1384 2180 1390 2198 ¹

106 2251 198 2300 hsiem
216 2249 251 2300 ad
269 2255 373 2316 patrem
388 2252 462 2302 missi
476 2253 562 2301 erant.
637 2255 668 2301 ts
687 2250 1123 2306 Denominumordineci.t571.
1198 2255 1298 2305 43ΡΑ-

106 2333 273 2402 romeis.
358 2341 386 2387 tt
407 2338 505 2388 Contra
523 2337 654 2397 Zinliium,
676 2340 722 2402 qui
741 2339 882 2388 Piraeeum
900 2340 928 2388 et
946 2337 1056 2388 castelle
1076 2341 1129 2388 iem
1149 2341 1300 2404 reciperata

94 2421 192 2472 ¹tuisse
209 2424 346 2482 statuerat,
368 2425 460 2474 monui
480 2425 567 2490 neque
586 2423 707 2489 perlecto
731 2437 828 2475 usuros
847 2423 930 2474 tuisse
949 2424 1128 2474 Athenienses
1146 2425 1198 2474 uisi
1216 2425 1300 2487 sigui-

106 2507 191 2558 licare
216 2509 378 2571 voluisseut,
405 2523 490 2574 usque
514 2510 549 2562 ad
573 2511 626 2561 hoc
650 2513 758 2576 tempus
776 2510 956 2576 Philippidem
979 2513 1071 2574 petere
1096 2523 1150 2560 non
1176 2511 1298 2570 desiisse,

107 2607 199 2659 neque
226 2596 395 2646 enuntiatum
423 2594 503 2646 finale
529 2599 623 2660 aptum
652 2609 720 2660 esse,
750 2599 773 2646 si
796 2597 830 2647 de
856 2609 884 2646 re
909 2597 961 2645 iam
981 2599 1090 2660 peracta
1109 2609 1199 2646 sermo
1219 2600 1298 2646 esset.

106 2683 227 2745 hpporet
246 2681 327 2744 igitur
345 2681 417 2743 hine,
439 2693 532 2731 mense
551 2682 703 2747 Septembri
722 2685 771 2732 484
791 2695 806 2731 a
825 2681 887 2731 Chr.
909 2685 1016 2746 portum
1041 2681 1207 2746 castellaque
1232 2695 1302 2732 non-

107 2769 175 2817 dum
194 2768 343 2832 expugnata
367 2765 448 2816 luisse
471 2765 505 2816 ab
523 2768 741 2819 Atheniensibus.
851 2770 881 2816 444
901 2767 940 2818 Cl.
961 2767 1077 2818 lloehler
1095 2768 1301 2832 hlittheilungen

107 2855 159 2904 des
175 2853 249 2902 arch.
270 2853 392 2902 institute
408 2853 436 2901 in
455 2852 540 2902 Athen
560 2855 594 2904 lll
615 2855 701 2918 44878)
721 2869 749 2920 p.
769 2857 908 2918 hiisqq,
929 2855 976 2918 qui
995 2853 1192 2904 demonstravit
1208 2853 1301 2920 paullo

107 2941 172 2988 ante
192 2939 274 2988 huius
292 2937 362 2988 tituli
380 2941 495 2988 aetatem
515 2937 657 3003 eboregia'e
676 2941 830 2990 institutum
849 2953 881 2990 eo
898 2943 977 3004 pacto
990 2941 1163 2990 immutatum
1183 2953 1251 3002 esse,
1271 2942 1302 2988 ut

107 3025 225 3090 populus
243 3025 299 3089 ipse
319 3024 370 3074 hoe
388 3037 486 3074 munus
504 3025 654 3090 susciperet
680 3023 704 3088 (ὁ
724 3023 807 3093 δῆμος
826 3022 957 3097 ἐχορήγει)
985 3029 1013 3075 et
1034 3025 1203 3090 provinciam
1223 3025 1302 3075 ludos

106 3110 261 3162 adornandi
280 3110 444 3173 magistratui
462 3123 566 3172 annuo,
592 3110 726 3174 suffragiis
745 3111 846 3170 electo,
869 3111 1024 3174 mandaret,
1054 3112 1099 3162 cui
1126 3123 1224 3162 nomeu
1244 3115 1302 3162 erat

107 3192 288 3266 οίηωνοθέτης.λ
318 3195 487 3248 Αὓυωεῑτίί
505 3197 627 3248 Phalerei
645 3197 797 3262 principatu
820 3198 964 3258 (stit-3⁰7
984 3210 999 3246 a
1018 3197 1092 3259 Chr.)
1114 3197 1194 3246 huius
1212 3199 1302 3248 muta-
1396 3227 1398 3232 ·

107 3283 191 3333 tionis
217 3283 347 3344 originem
375 3282 550 3347 repetendam
578 3295 639 3332 esse
666 3295 773 3333 summa
800 3295 864 3334 cum
893 3284 948 3332 veri
974 3285 1065 3346 specie
1082 3283 1199 3332 coniecit
1219 3283 1300 3334 idem.

108 3373 143 3418 ts
162 3368 203 3420 01.
224 3371 283 3429 tit,
303 3371 317 3416 s
338 3365 424 3434 (isnin
450 3383 474 3418 a.
495 3367 572 3431 Chr.)
596 3367 631 3419 ci.
652 3371 707 3419 not.
729 3372 752 3416 4.
844 3371 874 3417 tr
900 3365 938 3420 Cf.
965 3364 1145 3420 ίκκτελὲυανττ
1161 3363 1301 3436 Ἀθηναίου

108 3455 143 3503 ιν
162 3466 188 3517 p.
210 3456 268 3502 urs.
300 3445 439 3506 Ἀκκτίοιοι
456 3453 536 3504 iren.
558 3455 613 3517 τις.
634 3453 734 3504 xxxv
751 3467 778 3517 p.
801 3457 848 3502 teo
868 3467 895 3503 n.
916 3457 958 3504 νο.
1032 3459 1062 3506 ω
1082 3453 1220 3519 supplevi.
1251 3456 1302 3506 ne-

107 3539 201 3590 lutetis
218 3539 340 3603 priorum
367 3539 556 3590 conaminibus
582 3536 717 3601 (τολιτείαν
736 3539 922 3605 libusopulos,
947 3537 1066 3590 είστίασιν
1085 3541 1171 3602 lintri,
1199 3541 1302 3591 conieci

106 3623 329 3676 distributionem
351 3622 495 3694 (διανομὴν)
516 3626 648 3690 pecuniae
665 3624 768 3675 ellusve
787 3627 826 3676 rei
846 3623 991 3689 significari
1012 3628 1072 3690 (que
1093 3627 1120 3676 in
1139 3639 1169 3675 re
1187 3627 1302 3678 assenti-

107 3716 154 3762 tur
172 3710 289 3761 lloebler
306 3725 332 3775 p.
353 3713 401 3761 234
421 3714 476 3762 not.
498 3711 524 3774 2)
549 3713 576 3761 et
602 3723 665 3761 curn
690 3711 855 3762 vocobulum
881 3711 996 3762 lacunae
1022 3711 1199 3775 magnitudini
1218 3724 1303 3761 accu-

17 3853 20 3858 ,
106 3799 167 3848 rate
186 3797 354 3861 respondens
372 3797 467 3847 deesse
486 3797 684 3857 existimarem,
705 3796 793 3860 ipsum
812 3793 934 3864 διανομὴν
953 3795 1036 3846 luisse
1050 3797 1098 3846 sed
1118 3799 1145 3846 in
1159 3796 1303 3848 incidendo

107 3885 154 3934 hic
173 3885 204 3932 ut
220 3897 247 3933 ν.
269 3884 300 3932 to
319 3886 439 3934 erratum
458 3883 572 3946 sumpsi.
609 3883 642 3934 hi
666 3882 739 3946 quod
765 3895 837 3932 nunc
853 3883 947 3947 posui,
972 3886 1101 3932 accurate
1120 3882 1211 3946 explet
1228 3881 1303 3932 lacu-

106 3982 210 4021 cuoam
230 3971 257 4020 et
281 3969 369 4032 ipsum
395 3969 566 4032 aptissimum
588 3971 637 4020 est.
683 3967 750 4018 Nam
769 3981 794 4019 ν.
816 3971 847 4016 te
866 3967 920 4018 vel.
941 3963 1079 4034 ἐθελοντὴς
1105 3965 1134 4018 ἐκ
1157 3973 1208 4018 τῶν
1233 3963 1302 4018 ἰδίων

106 4057 245 4118 indicant,
265 4068 314 4106 sua
333 4057 429 4118 sponte
450 4054 628 4119 Philippidem
646 4055 779 4119 sumptus,
802 4067 870 4118 quos
888 4054 1051 4116 agonotheta
1074 4052 1162 4104 iacere
1188 4051 1304 4102 debebsi

84 4169 89 4178 ·
105 4146 220 4206 accepta
233 4155 265 4192 ex
277 4141 381 4190 aerario
400 4139 509 4204 publico
527 4140 654 4204 pontinia,
674 4153 707 4190 ex
726 4152 774 4190 sun
788 4153 816 4189 re
830 4138 955 4190 familiari
970 4137 1074 4190 iecisse.
1147 4138 1303 4189 (iurantem

104 4241 205 4278 curam
218 4229 397 4292 pecuniarum
411 4226 518 4278 illarum
531 4226 637 4276 civibus
655 4224 901 4276 distribuendarum
923 4229 981 4276 tum
1001 4225 1132 4290 temporis
1151 4225 1185 4275 ad
1203 4237 1303 4288 agono-

107 4313 213 4364 thetam
233 4313 389 4363 translatam
407 4313 491 4364 luisse
510 4325 656 4376 negemus,
683 4312 757 4364 nulle
776 4312 803 4362 ni
822 4311 901 4363 letior
918 4325 999 4362 ceusu
1018 4317 1067 4362 est.
1110 4311 1257 4362 lloehlerus
1269 4311 1303 4361 de

105 4399 165 4450 viui
184 4398 293 4462 cibique
312 4398 550 4450 distributionibus
570 4397 760 4460 (Philochorus
772 4411 815 4463 ap.
835 4399 895 4448 htb.
916 4399 953 4449 xl
972 4401 1019 4450 464
1033 4397 1049 4448 4.
1084 4398 1203 4448 lteineke
1225 4399 1251 4448 F.
1272 4398 1301 4447 C.

107 4489 141 4537 G.
163 4486 185 4534 ll
204 4499 233 4549 p.
252 4486 313 4546 itit)
331 4484 475 4549 cogitabat.
549 4489 579 4534 ts
599 4473 740 4550 Supplevit
757 4485 832 4535 Zinli.
906 4489 936 4534 ittt
956 4484 1095 4550 supplevi.

1045 4585 1095 4636 45*
