3082 5054
91 336 150 401 ναν]
259 337 301 387 144.
333 336 373 387 ltb
390 338 532 388 Alexandri
550 340 636 404 lingui
655 346 741 392 morte
760 343 794 391 ed
812 340 970 394 Corinthum
989 342 1114 394 deletum.
1216 345 1278 408 333

132 589 135 594 ,
180 541 264 626 βεῖνοι
285 539 337 605 καὶ
360 537 550 628 Κορωνεῦοιν
578 543 620 616 εἰς
643 541 794 632 Αἰτωλίαν
822 543 874 612 καλ
896 543 1035 634 <botilde
1062 545 1117 630 sal
1143 543 1195 612 ἐάν
1217 573 1276 614 που

134 636 352 817 θορὲῐεεῗΜας
387 640 489 719 πόλεις
523 640 705 731 βούλωνται,
739 643 902 734 γράμματα
934 643 1143 736 φιλάλλθρωπα
1172 652 1278 716 δοῦναι

86 971 197 1021 cultura
217 975 273 1023 tto.
297 976 353 1036 tt't,
374 985 406 1024 ex
426 974 589 1024 Graecorum
611 987 675 1025 vero
694 973 798 1038 legibus
821 987 891 1040 quae
909 975 1003 1027 Pollux
1025 976 1108 1028 habet
1126 977 1187 1038 vll,
1209 983 1273 1028 tttt:

86 1054 228 1126 ἐπίμορτος
245 1061 278 1128 γῆ
298 1054 367 1127 παρὰ
385 1053 519 1126 Σόλωνιὴ
548 1056 590 1110 ἐπὶ
613 1057 685 1129 μίροι
707 1059 902 1129 γεωργουμένη,
927 1057 973 1114 set
996 1060 1078 1132 μορτλ
1102 1061 1132 1114 τὸ
1152 1061 1227 1133 μέρος
1245 1061 1275 1115 τὸ

85 1139 138 1194 ἀπὸ
155 1149 208 1194 τῶν
226 1149 361 1212 γεωργῶν·
379 1143 408 1196 τὸ
426 1141 455 1195 δὲ
472 1142 514 1196 ἐπὶ
530 1144 568 1212 τῷ
580 1143 691 1214 τετάρτῳ
710 1143 781 1220 μίρερ
797 1141 919 1213 νέμεσθαι
935 1145 1099 1219 τετραχίζτιν.

177 1433 244 1500 227
270 1438 356 1499 Basis
377 1437 491 1519 lepidis
514 1438 696 1519 leucophaei
720 1438 916 1502 inaedificata
938 1439 1102 1522 Olympiae
1129 1441 1160 1501 in
1183 1441 1276 1522 pavi-

84 1549 197 1602 mento
220 1539 340 1620 apsidis
363 1515 686 1622 astaus‘ltyzantinaa
713 1542 959 1622 septentrionem
985 1561 1100 1642 yersus
1121 1561 1138 1606 a
1163 1543 1276 1606 Leoni-

83 1641 177 1704 daeo.
226 1643 403 1724 Exscripsit
425 1643 571 1724 Purgold.

173 1826 216 1894 Τὸ
237 1827 336 1895 κοινὸν
365 1833 424 1895 τῶν
451 1825 577 1918 Ἀχαιῶν
605 1825 758 1915 [Klo'fflvrov
786 1825 945 1917 Μαάρκιον
967 1829 1110 1916 Aduliton
1129 1831 1134 1920 Ι
1154 1832 1270 1899 Φίλιπ-

171 1957 227 1997 πον
239 1937 258 2015 ¹,
290 1929 454 2020 στραταγὸν
483 1927 593 2008 ὕπατον
617 1930 808 2020 Ῥωμαίωνῖ,
842 1929 949 2020 ἀρετᾶς
972 1933 1080 2018 &ireres
1103 1935 1154 2000 καλ
1176 1939 1272 2002 καλο-

170 2031 321 2122 κάγαθίας
343 2040 396 2110 τὰς
418 2039 460 2110 εἰς
484 2033 598 2118 αὖΙτούς
620 2034 762 2110 καὶτοὺς
785 2029 894 2112 ἄλλους
907 2028 1071 2112 Ἕλλανας.

141 2135 158 2200 5
256 2137 395 2227 Ἀνδρέας
417 2137 468 2204 καλ
485 2137 699 2228 Ἀριστόμαχος
719 2135 845 2228 Ἀργεῖοι
864 2138 869 2227 Ι
888 2139 1043 2226 ἐποίησαν.

151 2363 270 2427 Litterae
287 2365 378 2417 tent
400 2365 454 2429 (sed
474 2367 499 2416 in
519 2365 653 2417 artificum
672 2365 857 2430 designatione
876 2377 901 2416 ν.
918 2367 943 2416 t.
964 2369 989 2417 t.
1009 2367 1042 2431 Σ,
1062 2366 1089 2414 ln
1107 2377 1175 2418 voce
1194 2381 1271 2436 στρα-

75 2464 160 2518 τηγον
184 2453 240 2498 αν
260 2453 278 2502 ε
296 2453 345 2514 est)
371 2455 397 2504 t)
424 2451 479 2512 (sed
496 2453 522 2503 n
540 2464 566 2504 ν.
587 2455 602 2500 s
626 2453 654 2504 in
675 2445 816 2518 Ῥωμαίων
840 2451 929 2516 priore
953 2450 1034 2514 loco).
1076 2451 1186 2518 lipsilon
1211 2451 1270 2518 ple-

75 2547 198 2598 rumque
225 2535 360 2602 uolgarem
388 2536 503 2589 iormam
530 2537 618 2598 habet,
648 2538 695 2590 sed
724 2541 782 2588 αἱ
806 2539 873 2588 extr.
892 2537 976 2588 semel
996 2536 1141 2601 elegitur.
1179 2537 1268 2588 Altera

74 2634 264 2704 pers'versus
288 2624 367 2688 primi
389 2624 458 2694 (post
481 2614 660 2696 Ἀχαιῶν4ο4
683 2624 758 2688 ρτίοτ
783 2635 878 2674 versus
902 2622 1015 2674 secundi
1033 2635 1121 2688 usque
1140 2621 1174 2674 ad
1192 2638 1270 2694 ατρα·

73 2706 157 2776 τιγγὸν
176 2709 204 2756 in
218 2721 309 2759 rasura
323 2711 462 2775 rescripte.
537 2713 546 2758 t
562 2709 593 2770 Q.
607 2711 738 2761 llaroium
757 2703 908 2774 Philippum
926 2721 983 2762 cos.
1005 2711 1052 2758 tos
1066 2721 1092 2760 a.
1106 2707 1169 2759 Chr.
1183 2721 1269 2774 agno-

73 2795 115 2844 vit
136 2794 264 2856 Purgold.
308 2797 394 2848 liuius
416 2797 495 2848 astuti
521 2797 648 2846 convenit
670 2795 764 2846 titulus
787 2792 925 2864 στρατηγὸς
948 2789 1042 2852 ὕπατος
1064 2785 1213 2862 Ῥωμαίων,
1240 2797 1270 2845 et

73 2881 213 2930 omissum
231 2881 259 2932 in
278 2885 402 2946 paternae
421 2881 533 2946 originis
550 2881 736 2944 designatione
754 2878 918 2930 vocabulum
941 2877 1004 2938 υἱός.
1033 2881 1067 2930 At
1083 2883 1185 2945 pugnet
1202 2892 1267 2930 cum

74 2967 154 3017 illius
171 2967 274 3018 saeculi
298 2981 351 3018 usu
368 2963 480 3025 Λούκιος
503 2981 553 3033 pro
578 2981 610 3018 eo
629 2965 704 3032 quod
729 2961 813 3016 scribi
836 2965 928 3016 debuit
949 2960 1059 3022 Λούκιος
1082 2965 1208 3025 tilermae
1233 2965 1267 3016 Vl

73 3067 101 3118 p.
118 3053 196 3116 ato);
216 3065 282 3103 eane
301 3053 353 3106 hoo
372 3053 469 3118 legitur
487 3055 513 3104 in
532 3055 608 3119 perte
627 3051 696 3103 tttuli
715 3065 796 3118 quem
820 3053 847 3102 ln
870 3064 963 3103 rasura
987 3051 1133 3117 reposltam
1151 3053 1267 3102 testatur

73 3137 241 3202 Purgoidus.
278 3140 312 3190 llt
331 3151 364 3189 ne
382 3139 486 3205 reliqna
505 3139 616 3206 quidem
634 3137 718 3189 altero
737 3151 762 3188 a.
781 3137 843 3189 Chr.
865 3137 973 3190 saeculo
998 3137 1081 3187 incisa
1106 3147 1266 3201 asseposse

72 3223 229 3289 scripturae
242 3237 327 3288 genus
338 3225 435 3289 arguit,
456 3231 519 3276 cunt
531 3229 642 3290 propter
660 3223 803 3275 nonnullas
819 3223 919 3274 lormas
937 3223 1088 3273 litterarum
1101 3223 1267 3273 recentiores

71 3309 154 3371 (tm),
180 3313 238 3360 tum
256 3315 369 3376 propter
392 3313 486 3361 miram
506 3311 532 3360 in
552 3311 648 3361 eadem
666 3309 754 3360 littera
779 3309 922 3362 scribendo
947 3309 1171 3367 inconstantiam,
1194 3319 1265 3372 quae

71 3393 272 3460 imperatorum
290 3396 400 3462 quidem
418 3400 505 3448 aetate
517 3395 700 3461 pertrequens,
721 3383 821 3446 sedan
840 3395 1023 3460 antiquiorum
1041 3398 1194 3459 temporum
1212 3405 1266 3444 usu

70 3479 164 3530 aliena
183 3486 233 3532 est.
271 3481 358 3544 Quare
388 3496 441 3534 non
469 3481 564 3533 dubito
592 3481 657 3546 quin
685 3481 730 3532 hic
757 3493 875 3546 quoque,
904 3484 934 3531 ut
957 3481 984 3530 in
1002 3479 1062 3530 aliis
1081 3478 1264 3529 monumentis

71 3569 227 3634 Olympicis
245 3567 346 3620 lactum
364 3581 422 3620 esse
441 3567 507 3620 satis
525 3571 643 3629 constat,
671 3567 808 3630 antiquior
833 3566 928 3618 titulus
946 3567 1039 3616 nescio
1057 3579 1108 3630 qua
1128 3565 1162 3616 ds
1180 3577 1263 3614 cause

5 3713 12 3730 γ
71 3655 207 3706 lindrieni
226 3655 281 3706 lere
300 3657 388 3706 aetate
407 3655 433 3705 ln
452 3655 536 3705 elium
555 3653 672 3718 lapidem
691 3655 737 3704 aut
755 3657 827 3704 certa
841 3654 866 3702 in
880 3651 960 3703 aliam
973 3650 1095 3704 eiusdem
1113 3649 1186 3701 basis
1199 3661 1264 3714 pcr-

70 3745 128 3792 lem
150 3742 344 3808 transscripius
362 3741 405 3791 sit.
478 3739 549 3790 sct.
571 3735 641 3789 test.

1108 3907 1263 3917 -n—

161 4030 231 4099 228
254 4034 375 4098 Tabula
397 4035 562 4096 marmoris
583 4031 767 4114 leucophaei
793 4032 826 4094 iu
848 4029 928 4094 duas
950 4039 1059 4112 partes
1075 4028 1184 4104 inacta,
1211 4027 1263 4088 in-

68 4137 239 4202 aedificata
255 4137 288 4198 in
304 4147 401 4218 puteo
416 4138 449 4199 in
466 4135 618 4219 oppidulo
635 4136 857 4197 Serri-Hector
868 4151 969 4214 prope
985 4135 1068 4194 Teon
1083 4132 1258 4211 antiquam.

68 4243 156 4307 Edd.
182 4241 219 4303 E.
246 4241 362 4302 l'ottier
387 4249 419 4302 et
440 4239 476 4303 Α.
504 4239 828 4302 lleuvette-llesnault
849 4235 986 4299 Bulletin
1009 4233 1049 4297 de
1073 4251 1262 4316 correspon-

67 4347 173 4411 dance
197 4343 383 4426 Hellenique
407 4343 445 4408 lv
472 4341 577 4428 (4880)
605 4362 637 4424 p.
657 4339 696 4402 tt
713 4359 783 4422 sqq.
