3110 5056
103 355 164 418 474]
267 353 312 404 lll.
345 337 384 404 Ab
402 351 546 404 Alexandri
565 353 653 423 Magni
671 353 759 404 morta
777 353 811 404 ad
830 354 988 404 Corinthum
1006 353 1133 406 deletam.
1236 357 1298 418 275

103 568 138 622 et
162 558 244 619 4884
269 558 416 620 inventes
438 560 607 639 exscripsit
630 567 663 620 et
686 579 758 622 cum
780 558 835 622 illa
858 561 1042 622 coniunctas
1066 561 1166 624 edidit
1183 563 1295 642 Gonze,

103 661 156 722 dio
173 661 368 740 Ergebnisse
391 659 449 722 der
460 661 714 742 Ausgrabungen
738 681 776 722 zu
792 663 979 742 Pergamum
1004 663 1098 723 4874.
1125 665 1165 724 80
1190 685 1222 744 p.
1240 665 1292 725 83.

104 763 370 826 llonatsberichtc
393 763 451 824 der
472 765 596 844 Konigl.
615 762 787 826 Akademie
811 763 869 826 der
884 765 1157 828 wissenschaften
1174 769 1207 830 in
1223 769 1300 829 Ber-

104 867 152 927 lin
178 867 265 926 l88l·
285 887 318 947 p.
344 863 418 926 872.

194 1032 332 1100 Βασιλέα
348 1026 509 1098 Ἄτταλονι
530 1030 744 1120 ''issant-stuppa²
771 1035 823 1100 aul
850 1037 879 1099 οἱ
900 1031 1045 1121 ἡγεμόνες
1067 1035 1119 1102 καὶ
1142 1038 1300 1124 capuciati»-

194 1161 246 1202 ται
264 1137 269 1223 Ι
289 1138 317 1201 ol
348 1130 621 1222 ανναγωνιαάμενοι
649 1131 702 1210 τὰς
735 1133 809 1224 πρὸς
836 1134 903 1211 roh<
926 1135 1065 1214 Γαλάτας
1085 1139 1090 1226 Ι
1117 1139 1169 1204 καὶ
1188 1136 1300 1205 Ἀντία-

163 1244 269 1326 ῑνχαν3
291 1234 393 1326 μάχας
415 1234 611 1326 χαρ4<4τ4ήρια
625 1244 633 1321 :1
648 1238 794 1324 huqqueca]
815 1239 863 1304 hal
883 1237 1019 1326 Ἀθηνᾶν.

193 1378 332 1390 ------
338 1340 450 1427 γόνου4
472 1341 557 1428 ἔργα.

177 1566 292 1616 Litterae
311 1565 444 1630 volgares,
470 1577 585 1630 quarum
604 1564 695 1616 bastae
720 1567 748 1616 in
772 1567 901 1618 extremis
928 1569 1049 1632 partibus
1076 1568 1183 1618 lineolis
1211 1571 1301 1618 trans-

104 1653 321 1703 versisoruetae
340 1654 413 1703 sunt.
487 1651 651 1702 lAttolusl
675 1652 819 1712 (stt-let
838 1666 863 1702 a.
884 1653 969 1716 Cha).
1007 1653 1117 1717 Aegium
1137 1667 1237 1704 nomen
1256 1665 1302 1703 as·
1387 1715 1388 1718 Ἴ

104 1739 257 1800 sumpsisse
276 1750 339 1787 cum
357 1748 482 1800 magnam
500 1735 534 1786 de
552 1736 634 1786 Gallis
658 1725 802 1787 victoriam
821 1741 999 1802 reportasset,
1026 1743 1158 1789 testentur
1176 1737 1303 1803 Polybius

105 1823 207 1882 Xlllll,
229 1825 276 1883 tl,
304 1826 327 1870 7.
367 1821 457 1871 livius
475 1821 606 1882 XXXlll,
627 1823 675 1884 st,
697 1825 721 1871 4.
767 1822 944 1874 StreboXlll
963 1837 989 1888 p.
1012 1826 1071 1877 644,
1115 1823 1211 1888 Neque
1237 1835 1301 1873 vero

105 1909 160 1957 hoc
178 1907 282 1957 bellum
300 1905 375 1958 aliud
393 1905 490 1969 luisse,
517 1918 599 1970 quam
618 1906 702 1970 illud,
727 1907 802 1970 quod
820 1908 925 1959 Attalus
944 1911 1036 1959 socius
1054 1909 1160 1960 Seleuci
1179 1909 1302 1960 Callinici

106 1997 203 2042 contra
223 1993 282 2042 elus
300 1991 410 2042 tratrem
423 1991 585 2041 Antiochum
599 1991 770 2042 Hieraceme
785 1993 867 2043 Gallis
883 1995 1079 2044 mercennariis
1098 1995 1220 2044 adiutum
1241 2006 1302 2058 ges-

105 2079 196 2138 sisset,
211 2077 407 2127 demonstravit
419 2077 535 2126 lloehler
551 2076 583 2138 (v.
593 2075 688 2140 Sybels
702 2077 868 2128 ilistorische
882 2078 1036 2129 zeitschrift
1048 2080 1139 2130 XLVll
1158 2094 1183 2144 p.
1201 2084 1210 2128 4
1228 2079 1299 2142 sqq.)

106 2166 188 2213 Anno
201 2165 246 2211 444
261 2176 285 2212 a.
300 2161 362 2212 Chr.
377 2163 459 2226 igitur
471 2164 519 2211 aut
530 2162 621 2226 paullo
634 2164 696 2227 post
713 2161 780 2212 haec
798 2167 976 2214 monumenta
998 2165 1032 2225 (n.
1050 2165 1194 2228 444-444)
1212 2167 1302 2214 erecto

107 2261 179 2299 esse.
287 2247 445 2298 iEnndem
470 2245 570 2308 luisse,
597 2249 643 2312 qul
665 2253 761 2311 postea
779 2249 852 2312 apud
871 2250 1033 2300 Antiochum
1053 2251 1178 2314 Magnum
1196 2261 1302 2299 summa

107 2335 195 2397 gratie
213 2332 327 2384 florebat
350 2333 437 2384 donec
456 2333 582 2382 llcrmiae
608 2332 687 2381 malls
710 2332 814 2383 artibus
838 2338 950 2384 necatus
969 2339 1026 2396 est,
1052 2336 1169 2385 coniecit
1187 2333 1304 2384 Kochler

104 2433 135 2484 p.
158 2421 199 2468 44.
237 2420 290 2468 Aut
306 2423 369 2483 post
385 2417 466 2468 Attali
484 2419 610 2468 victorias
629 2431 692 2467 eum
718 2419 842 2468 militiam
867 2421 1001 2481 mutasse,
1029 2423 1077 2469 aut
1101 2421 1155 2468 iam
1174 2419 1216 2468 his
1236 2419 1301 2484 ipsis

106 2503 223 2570 proeliis
241 2516 304 2553 eum
324 2502 476 2554 interfuisse
495 2504 610 2553 missum
634 2516 649 2551 a
668 2503 782 2555 Seleuco
801 2503 945 2566 Callinico,
970 2505 1043 2569 apud
1061 2518 1142 2568 quem
1162 2505 1215 2552 iam
1233 2507 1301 2562 tum,

105 2593 140 2639 ut
157 2591 251 2654 postea
269 2588 342 2652 epud
360 2588 454 2652 lilium,
476 2587 626 2639 militasset.
700 2593 714 2636 4
734 2589 881 2640 Antiochus
901 2589 999 2639 llierax
1017 2589 1123 2640 Seleuci
1141 2591 1164 2639 ll
1181 2589 1304 2638 Callinici

107 2675 195 2725 freter
216 2676 281 2723 natu
305 2661 403 2724 minor.
441 2673 480 2722 De
502 2672 583 2722 bellis
606 2675 677 2722 inter
702 2672 798 2724 iratres
822 2675 904 2736 gestis
928 2673 962 2726 ci.
983 2675 1104 2738 Droysen
1130 2675 1226 2725 Gesch.
1255 2673 1304 2724 des

110 2759 296 2810 llcllenismus
315 2759 358 2816 lll,
381 2763 390 2806 l
413 2771 440 2822 p.
462 2761 510 2807 ³88
531 2771 589 2822 sqq.
611 2761 626 2807 A
644 2771 671 2822 p.
694 2761 724 2806 to
744 2771 804 2824 sqq.
888 2762 901 2808 4
923 2761 988 2809 Plin.
1010 2760 1042 2810 N.
1063 2761 1090 2810 h.
1110 2759 1232 2820 XXXlV,
1255 2761 1301 2808 8t:

109 2847 206 2895 Plures
224 2847 335 2909 44444444
351 2843 436 2906 fecere
453 2843 534 2893 Attuli
552 2849 577 2893 et
595 2843 720 2894 Eumenia
744 2846 870 2894 adversus
891 2845 979 2894 Gallos
995 2847 1111 2908 proelio.
1133 2846 1301 2908 44494444,

109 2931 322 2992 waomccltus,
344 2929 522 2990 Stratonicus,
541 2928 736 2992 Antigonus.
776 2929 950 2980 Memorabile
969 2933 1019 2992 est,
1041 2931 1114 2995 quod
1133 2943 1166 2980 ex
1183 2929 1304 2993 vestigiis

109 3019 138 3066 iu
157 3015 302 3080 superficie
322 3013 489 3064 exstantibus
508 3017 628 3078 apparet,
648 3019 779 3064 etneas
797 3019 899 3064 statuas
917 3016 1058 3080 impositas
1077 3015 1168 3066 luisse.
1204 3015 1303 3066 Gonze.
1347 3077 1349 3082 Ι

201 3267 267 3334 lte
291 3271 409 3334 Tabula
431 3273 604 3332 marmoree
627 3291 709 3351 quae
738 3271 898 3352 quondam
929 3271 1085 3333 efficiebat
1109 3273 1304 3352 superiorem

109 3383 238 3456 partem
268 3373 355 3436 basis
378 3373 418 3435 ad
441 3373 574 3435 eandem
597 3384 873 3436 monumentorum
904 3377 1021 3434 seriem
1043 3375 1234 3454 pertinentis
1257 3384 1307 3434 at-

110 3496 179 3557 que
201 3495 234 3538 u.
262 3475 448 3555 475-474,
480 3477 607 3538 inventa
632 3477 786 3556 Pergami.
834 3475 893 3538 Ed.
924 3477 1024 3538 Conna
1047 3475 1308 3538 hlonatsberichte

110 3578 174 3640 der
196 3579 265 3658 Kgl.
291 3576 465 3640 Akadamie
495 3598 533 3640 zu
555 3578 661 3640 Berlin
688 3579 763 3638 l88l
800 3599 832 3659 p.
859 3577 916 3638 874
953 3579 1020 3640 tab.
1046 3580 1076 3656 1,
1105 3580 1134 3639 4.
1182 3575 1306 3656 Ergeb-

109 3683 200 3742 nisse
224 3680 282 3741 der
303 3678 558 3761 Ausgrebungen
582 3701 620 3742 nu
643 3682 816 3761 Pergamon
842 3681 1022 3741 48844-84.
1070 3681 1205 3742 Berolini
1224 3679 1306 3739 ⁴882

112 3803 145 3863 p.
177 3781 229 3842 46.

201 3943 352 4022 Βασιλεὺς
383 3942 524 4025 'Arrolos
556 3956 612 4017 τῶν
645 3949 723 4017 κατὰ
759 3946 890 4036 πόλεμον
925 3950 931 4036 1
966 3946 1086 4036 ἀγώνων
1123 3945 1309 4036 χαριστήρια

199 4047 335 4137 Ἀθηνᾶν.

185 4293 302 4343 Litterae
319 4293 452 4357 volgares,
473 4295 524 4345 nisi
544 4295 616 4360 quod
635 4295 711 4346 ΘΟΩ
728 4295 841 4359 reliquis
859 4293 945 4344 mullo
963 4293 1083 4341 minores
1101 4295 1171 4342 sunt.
1199 4293 1227 4341 ln
1247 4290 1310 4342 fini-

109 4380 168 4430 bus
181 4379 320 4429 hestarum
334 4379 450 4431 lineolae
466 4383 643 4431 transversae.
672 4381 721 4430 llic
740 4381 834 4430 titulus
851 4381 886 4430 ad
899 4379 990 4428 omnia
1003 4377 1082 4427 Attali
1100 4389 1163 4427 cum
1176 4377 1309 4428 Antiocho

108 4464 253 4529 Gallisque
271 4467 420 4516 certamina
440 4463 484 4528 (ci.
506 4465 586 4528 4441),
608 4468 754 4531 sequentes
772 4465 806 4514 ad
825 4465 931 4528 singule
951 4463 1051 4530 proelia
1070 4465 1203 4528 spectant.

1051 4565 1099 4615 ts*
