3094 5074
241 357 304 423 644
581 371 585 380 ’
738 357 802 412 Pers
819 359 913 411 altere.
1335 358 1431 422 [466-

329 562 363 628 δὲ
385 559 530 650 Βαβόλου
551 567 604 628 τοῦ
622 558 851 650 Ἀνδρομένεος,
879 557 1042 650 ἀνεΙγροίρη
1067 557 1087 626 ἁ
1110 557 1285 635 ἀνάδεοιςῖ.
1322 556 1427 646 Ἀγυι-

299 666 540 740 υνοδετέυντυς3
582 662 711 732 Εὐνίκου
756 664 899 752 Τριτέας4
944 661 1045 751 μτΙΙνδς
1090 660 1268 752 τετίρτουὸ,
1316 665 1349 729 ἐν
1392 662 1426 728 δὲ

328 771 497 842 cosmoe
525 761 668 855 ἄρχοντος
695 766 846 835 Εὐκλείδα
874 764 966 854 μηνὸς
987 766 993 854 Ι
1017 763 1171 855 Ἀρατιίου
1197 765 1356 854 τριακάδι,
1393 769 1425 831 ἐν

327 868 455 956 ἐννόμων
477 872 637 958 ἐκκλησίᾳ,
665 868 796 958 ἀνίδηκε
813 868 1035 958 ἈγηΙσιβοιίλα
1058 872 1187 952 Φυακίς,
1215 864 1428 935 συνευδοκεόν-

327 1000 386 1040 των
407 979 460 1040 τοῦ
482 999 515 1040 τε
540 972 652 1062 πατρὸς
682 971 775 1048 αιἰτᾶς
795 981 799 1054 Ι
819 969 960 1048 Λύκωνος
986 973 1038 1039 καί
1064 981 1117 1048 τᾶς
1146 970 1258 1060 ματρὸς
1274 970 1428 1059 ‘Appete-

325 1101 396 1160 νοις,
428 1083 484 1144 τῶι
503 1073 678 1144 Ἀπόλλωνι
696 1077 701 1166 Ι
720 1082 777 1143 τῶι
805 1077 927 1143 Πυδίιυι
956 1081 1044 1162 σῶμα
1073 1079 1242 1164 γυναικεῖον
1272 1069 1306 1140 ἇι
1331 1067 1429 1159 ὄνομα

285 1177 455 1264 49Μναοοί,
496 1172 570 1254 ubere
609 1178 690 1268 ἱερὰν
719 1179 730 1268 ΙΙ
759 1179 841 1266 εἶμεν
878 1180 931 1247 καί
968 1177 1139 1267 ἀνέραπτον
1172 1177 1224 1245 καί
1260 1178 1428 1264 ἐλευθέραν

327 1279 458 1348 Μναααί·
505 1285 532 1348 εί
555 1284 588 1348 δέ
610 1309 639 1349 τι
661 1280 786 1370 ΜναΙοὼ
805 1280 899 1350 παίδοι
923 1279 1032 1370 ἀγενής
1055 1279 1245 1370 ὑπάρχουσα,
1270 1276 1309 1346 τὰ
1330 1305 1428 1346 κατα-

279 1379 286 1390 ’
326 1387 489 1473 λειφθέντα
512 1383 568 1452 tet
587 1385 592 1474 Ι
613 1384 745 1458 Moses<
764 1381 989 1474 Ἀγησιβοίλας
1011 1387 1099 1452 ἔστω.
1147 1381 1331 1472 μάρτυροιί·
1369 1375 1426 1470 ἄρ-

327 1513 431 1576 χοντες
453 1482 604 1577 ΕὔΙνικος,
630 1486 815 1572 Εὐκλείδας,
841 1489 1064 1576 Δαμοκλείδας·
1092 1489 1202 1575 ταμίας
1220 1484 1422 1574 Ἀρχέπολις·

309 1748 502 1799 9ίὶυιιουοτοῑο
522 1749 564 1798 est
580 1747 632 1798 deo
651 1760 738 1810 servs,
759 1748 776 1798 4.
798 1761 822 1800 e.
842 1749 926 1812 gratis
944 1749 1112 1800 manumissa
1130 1751 1181 1809 est,
1201 1761 1255 1800 uon
1274 1749 1361 1798 veniit
1380 1746 1426 1812 (ct.

242 1830 324 1896 4643).
357 1834 417 1896 ipsa
437 1846 479 1884 res
498 1833 594 1898 Physci
612 1835 673 1884 ecte
691 1836 742 1895 est,
762 1846 815 1882 uou
834 1833 959 1900 Delphis,
980 1833 1027 1885 ubi
1046 1833 1212 1886 inscribitur.
1243 1834 1307 1885 inde
1326 1847 1341 1884 s
1360 1847 1429 1884 voce

239 1915 455 1988 ἀγωνοδετίοντος
465 1919 560 1984 incipit
569 1920 778 1971 instrumentum
788 1921 1010 1971 manumissionis
1018 1921 1114 1986 Physcl
1123 1919 1269 1986 perlectae.
1324 1919 1427 1983 tngo-

241 2005 351 2055 nothela
369 2007 411 2055 est
428 2005 602 2068 magistratus
619 2019 771 2072 eponymus
783 2006 931 2056 Locrorum
949 2006 1159 2057 occidentalium
1180 2004 1223 2068 (ci,
1239 2018 1264 2056 n.
1281 2008 1338 2056 464,
1360 2005 1429 2056 We-

240 2091 451 2141 scher-Foucart
469 2095 528 2144 996.
544 2094 593 2142 989
607 2093 634 2141 et
645 2093 701 2142 μοι.
718 2091 753 2154 6).
827 2094 840 2139 4
859 2086 965 2160 Τριτεύς
977 2093 1018 2141 est
1029 2091 1293 2143 Wescher-Foucurt
1306 2095 1348 2142 66.
1365 2093 1426 2141 446.

242 2179 301 2240 titt,
321 2175 483 2226 femininum
500 2171 585 2244 Τριτίς
603 2175 669 2228 ibid,
690 2181 749 2226 496.
786 2175 891 2238 Quibus
909 2191 942 2228 ex
959 2177 1045 2227 titulis
1065 2180 1112 2228 446
1131 2179 1213 2228 etiarn
1230 2176 1307 2228 urbis
1324 2189 1428 2226 nomen

240 2257 333 2332 Τριτία
350 2259 441 2312 habet.
466 2261 540 2321 Quae
559 2260 646 2312 torma
664 2261 731 2311 nihil
743 2261 799 2314 tere
811 2261 902 2313 differt
919 2277 934 2312 a
953 2257 1054 2332 Τρίτεια
1072 2263 1144 2328 quod
1164 2263 1261 2326 legitur
1277 2261 1350 2328 opud
1364 2262 1428 2312 Ste-

239 2347 361 2413 phsuum
375 2349 438 2412 Byz.
452 2360 474 2398 s.
489 2362 514 2398 v.
541 2349 574 2398 At
591 2347 754 2412 Byzantiuae
771 2347 907 2399 vocalium
928 2347 1080 2398 confusioni
1098 2347 1193 2400 deberi
1212 2351 1276 2413 puto
1293 2343 1429 2415 Τριταιέες

239 2447 289 2498 pro
307 2429 426 2502 Τριτεέας
443 2435 490 2484 eut
506 2428 635 2501 Τριτειίας
654 2433 682 2482 in
700 2432 839 2484 codicibus
858 2433 1025 2498 Thucydidis
1042 2434 1092 2496 111,
1116 2437 1174 2493 494,
1195 2437 1220 2496 9,
1240 2433 1368 2484 similiter
1384 2437 1429 2484 at-

240 2531 292 2583 que
311 2521 365 2570 iam
391 2517 453 2569 inde
479 2518 512 2568 ab
531 2518 660 2569 Hadriani
678 2517 847 2583 temporibus
870 2520 897 2569 in
916 2518 1000 2570 titulis
1017 2519 1113 2570 Atticis
1131 2517 1258 2584 frequens
1276 2521 1319 2568 est
1336 2519 1429 2584 scrip-

240 2606 302 2654 tura
320 2599 465 2671 Διομαιείις,
486 2595 636 2671 Ἐρικαιείις,
657 2599 819 2674 Τρινεμαιιίς
838 2607 865 2654 ct
882 2605 941 2654 vice
960 2617 1037 2655 versa
1056 2599 1180 2674 Φηγεείς,
1201 2599 1326 2672 Βηαεεύς.
1369 2604 1431 2655 Ple-

240 2691 316 2754 rique
341 2703 405 2740 saue
431 2689 554 2741 homines
576 2689 649 2740 docti
676 2689 770 2752 (veluti
788 2689 910 2740 lieineke
928 2691 963 2741 ad
981 2689 1071 2756 Steph.
1092 2689 1110 2740 4.
1131 2689 1148 2740 4.
1169 2689 1280 2740 Bursian
1299 2691 1394 2754 Geogr.
1416 2691 1427 2739 1

240 2789 267 2841 p.
289 2775 346 2835 469)
369 2773 415 2825 4440
433 2775 493 2825 loco
511 2773 572 2826 iretl
591 2775 689 2826 urbem
707 2774 841 2825 Trilaeam
860 2778 967 2827 vocent.
996 2775 1170 2826 Locrensium
1189 2775 1271 2826 tuisse
1289 2774 1427 2826 confinem

240 2859 424 2910 Phoceusihus
441 2862 605 2926 scriptorum
624 2861 651 2911 et
669 2859 810 2912 titulorum
824 2862 986 2912 testimoniis
1005 2863 1117 2912 constal.
1190 2863 1205 2910 6
1224 2859 1263 2912 Ci.
1277 2860 1429 2911 Wescher-

240 2947 354 2996 Foucart
363 2947 412 2995 996
431 2943 465 3013 ἐμ
480 2945 527 3014 μὲν
538 2940 693 3014 Δελφοῖς-
702 2945 782 3016 μηνὸς
792 2943 953 3016 Δᾳδαρυρίου
967 2947 1022 3012 (ουί
1037 2949 1079 2997 est
1087 2947 1198 3011 quintus
1205 2947 1269 2997 anui
1280 2945 1427 3011 Delphici),

240 3029 267 3084 ἐν
286 3029 314 3083 δὲ
332 3027 443 3103 Λοκροῖς
455 3057 490 3067 -
502 3030 583 3100 μηνὸς
600 3030 730 3101 τετάρτου.
761 3031 835 3092 Quae
852 3033 929 3096 ratio,
949 3035 982 3083 ut
1000 3031 1129 3084 Locricus
1146 3045 1234 3084 eunus
1251 3033 1360 3083 initium
1378 3045 1429 3083 ce-

239 3118 310 3183 perit
321 3131 377 3168 uno
392 3129 486 3168 mense
499 3120 560 3182 post
572 3117 742 3183 Delphicum,
763 3117 848 3168 titulis
860 3121 919 3168 464.
945 3117 1206 3169 Wescher-Foucart
1219 3121 1267 3168 969
1283 3117 1431 3168 confirme-

240 3206 292 3254 tur.
324 3203 443 3268 Apparet
455 3203 537 3266 igitur
554 3204 625 3253 inter
642 3205 883 3255 manumissionem
902 3204 1000 3268 Physci
1018 3205 1155 3268 peractum
1174 3205 1202 3254 et
1220 3205 1429 3269 inscriptionem

241 3289 351 3354 Delphis
370 3287 494 3338 effectum
515 3287 558 3352 (ci.
578 3292 634 3342 nol.
655 3291 678 3354 2)
698 3303 750 3340 non
769 3291 861 3340 minus
879 3293 953 3340 certe
972 3291 1075 3353 integro
1093 3301 1187 3340 mense
1206 3288 1329 3354 elapsum
1353 3302 1427 3352 esse,

240 3387 303 3424 nam
322 3374 468 3438 inscriptus
489 3377 532 3425 est
550 3375 644 3426 titulus
661 3375 746 3426 altero
764 3375 899 3436 semestri,
928 3389 991 3426 cum
1010 3377 1124 3440 quartus
1148 3375 1296 3426 Locrorum
1322 3376 1429 3425 mensis

239 3459 405 3525 paenultimo
424 3460 521 3524 prioris
540 3461 679 3512 semestris
697 3460 770 3526 apud
788 3461 907 3526 Delphos
925 3462 1097 3526 respondeat.
1178 3463 1192 3508 6
1211 3461 1345 3525 Physcum
1364 3462 1430 3526 opi-

241 3545 293 3596 bus
311 3549 339 3596 et
356 3545 485 3609 dignitate
505 3546 575 3596 iuter
593 3547 741 3597 Locrorum
759 3545 968 3597 occidentalium
989 3545 1087 3611 oppida
1111 3547 1262 3611 proximum
1281 3549 1343 3612 post
1360 3547 1430 3596 hm·

238 3631 359 3697 phisssm
378 3631 468 3681 locum
486 3632 606 3684 tenuisse
628 3634 720 3682 monet
737 3631 768 3682 E.
787 3631 894 3682 Curtius
911 3631 1011 3684 Nachr.
1038 3645 1090 3683 von
1110 3632 1160 3683 der
1177 3633 1238 3683 Ges.
1260 3631 1310 3682 der
1326 3631 1371 3682 W.
1389 3645 1429 3684 zu

240 3717 381 3781 (tettingen
403 3719 466 3766 4864
486 3731 514 3783 p.
535 3721 592 3768 449.
630 3715 784 3767 Aetolorum
806 3719 847 3766 est
865 3717 932 3768 Bull.
953 3717 987 3768 de
1006 3730 1076 3768 corr.
1096 3717 1165 3768 Heli.
1186 3719 1208 3766 V
1226 3731 1252 3783 p.
1275 3719 1324 3766 449
1342 3731 1369 3767 n.
1391 3722 1427 3766 2⁰

240 3799 325 3866 (lstlt
351 3815 375 3852 e.
396 3801 482 3866 Chr).
521 3802 791 3854 Wescher-Fouosrl
814 3804 845 3852 44
870 3799 971 3870 (449169
996 3815 1019 3853 s.
1041 3803 1114 3866 Chr.)
1143 3806 1191 3853 499
1220 3803 1334 3866 (incerto
1352 3816 1428 3852 auno

237 3892 300 3952 post
317 3887 388 3951 469),
408 3887 555 3940 Locrorum
575 3891 683 3954 praetor
700 3889 775 3942 huuc
791 3887 902 3940 tilulum
918 3887 1182 3940 Wescher-Foucart
1199 3891 1258 3938 444.
1281 3891 1340 3938 466.
1361 3891 1427 3940 stt.

239 3976 298 4024 669.
318 3973 386 4024 Bull.
406 3973 441 4025 de
459 3987 530 4026 corr.
551 3974 619 4026 Heli.
640 3974 705 4040 Vp.
726 3977 775 4024 465
798 3987 826 4024 u.
846 3977 888 4026 49.
926 3973 976 4033 Qui
994 3973 1065 4024 tituli
1083 3987 1146 4025 cum
1165 3987 1262 4025 omnes
1280 3973 1429 4026 muniiesto

238 4060 402 4110 recentiores
420 4061 474 4110 sint
491 4073 572 4125 quem
591 4061 695 4125 priores
719 4060 773 4112 duo
798 4073 831 4110 ex
851 4057 969 4123 illisqui
988 4059 1143 4110 Aetolorum
1161 4063 1300 4124 prsetores
1318 4072 1430 4126 epouy-

238 4158 298 4195 mos
316 4145 424 4208 habent,
445 4145 523 4196 titulo
540 4149 632 4196 autem
652 4149 700 4196 4449
719 4149 793 4196 certe
810 4147 867 4196 tres
890 4157 959 4208 quos
982 4147 1120 4209 postremo
1144 4143 1204 4196 loco
1228 4145 1308 4210 posui
1325 4158 1429 4198 receu-

238 4233 320 4282 tiores
338 4243 399 4282 esse
417 4244 450 4281 ex
467 4231 640 4282 secerdotum
659 4229 815 4282 nominibus
833 4229 923 4293 colligi
941 4229 1029 4291 liceat,
1053 4231 1125 4294 (nam
1144 4243 1171 4282 n.
1192 4234 1250 4280 444.
1272 4235 1322 4282 itit
1339 4245 1431 4286 sccu-

160 4337 165 4345 ·
238 4317 383 4367 rstioribus
400 4317 496 4368 aetatis
513 4318 585 4368 notis
603 4317 717 4380 cenent),
738 4329 910 4381 nequaquem
922 4315 1103 4366 assentiemur
1121 4316 1151 4366 E.
1166 4315 1259 4367 Curtio
1272 4317 1318 4382 qui
1331 4331 1358 4382 p.
1374 4323 1430 4368 472

238 4405 269 4450 ut
287 4401 411 4452 libuisset
430 4402 511 4452 modo
529 4403 662 4466 praetoris
680 4401 837 4452 Aetolorum
857 4400 938 4452 modo
956 4400 1133 4464 agonothetae
1152 4401 1301 4452 Locrorum
1323 4401 1429 4456 nomen

238 4487 433 4549 praescriptum
453 4486 536 4539 tuisse
555 4489 636 4549 dicit,
662 4489 746 4538 immo
764 4487 858 4553 paucis
875 4490 938 4551 post
958 4490 1005 4537 469
1024 4501 1049 4538 a.
1070 4487 1132 4538 Chr.
1159 4487 1238 4538 annis
1256 4487 1431 4554 Physoenses
1541 4551 1542 4562 Ι
