3086 5066
103 345 166 412 aaa]
574 349 607 400 ii.
632 349 683 400 iias
701 361 804 401 sacrae.
1223 354 1283 417 571

190 549 225 616 δὲ
253 553 285 616 ἐν
312 555 361 616 τῖιι
387 556 504 637 πομπᾶι
530 547 800 637 antecisionem,
832 551 885 618 καί
912 549 1051 620 δυσόντω
1071 557 1122 620 τᾶι
1144 555 1197 641 μὲν
1220 550 1284 620 Δό-

191 678 282 742 ματρι
303 657 355 719 οὖν
385 655 525 737 ἐπίτοκα,
544 651 687 742 Ἕρμδίνι
708 655 806 742 κρίον,
838 651 990 742 Μεγάλοις
1013 657 1094 731 θεοῖς
1103 661 1131 704 ²⁶
1152 653 1281 744 δάμαλιν

193 761 260 839 οὖν,
287 753 453 823 Ἀπόλλωνι
480 755 634 845 Καρνείωι
660 755 791 843 κάπρον,
813 749 951 844 ’Άγναι27
981 757 1037 825 οίν.
1089 759 1281 828 iratast.

148 869 181 922 ³5
193 857 306 926 σαανάν
328 859 362 924 δὲ
385 857 425 946 μή
441 857 639 947 ἐπιτρεπόντω
657 862 686 926 oi
703 859 777 946 ἱεροί
792 861 911 946 μηδένα
924 862 1005 949 ἔχειν
1028 865 1059 928 ἐν
1073 861 1084 950 ii
1096 859 1285 949 τετραγοῖνωι

192 962 283 1048 μείζω
308 966 405 1028 ποδῶν
432 959 610 1050 τριάκοντα,
643 962 719 1048 μηδὲ
747 963 937 1049 περιτιδέμιν
964 965 1030 1038 ταῖς
1060 967 1183 1038 σκαναῖς
1209 961 1284 1051 μήτε

191 1067 306 1152 δέρρεις
339 1061 415 1151 μήτε
448 1061 582 1146 αι’νλείας,
619 1065 696 1151 μηδὲ
728 1067 760 1130 δν
788 1059 827 1130 ὧι
852 1061 887 1130 ἀν
913 1061 1008 1131 τόπωι
1027 1063 1282 1155 περιστεμΙματιό-

191 1191 282 1234 σωντι
313 1170 342 1234 oi
376 1165 449 1256 ἱεροί
481 1169 601 1254 μηδένα
631 1171 691 1233 τοῖν
725 1164 765 1252 μή
799 1161 890 1234 όντων
924 1170 1012 1256 ίερῶν
1040 1168 1122 1257 ἔχειν
1156 1167 1278 1236 σκανιῖν.

189 1270 267 1355 μηδὲ
298 1272 475 1358 παρερπέτω
509 1267 615 1356 μηδείς
648 1265 781 1356 ἀμύητος
812 1273 856 1344 είς
883 1267 933 1338 τδν
962 1267 1051 1338 τόπον
1079 1263 1113 1338 όν
1136 1297 1177 1338 κα
1197 1297 1283 1360 περι-

188 1369 456 1460 στεμμαίταῖοωντι.
503 1369 687 1461 χωραξάντω
709 1372 743 1438 δὲ
764 1373 816 1438 καί
838 1370 1014 1461 tepeseat.
1058 1371 1278 1462 ἀναγραψάντω

190 1476 224 1542 at
252 1477 305 1542 καί
333 1473 387 1563 ἀφ’
415 1469 456 1542 ὧν
483 1477 529 1542 δεῖ
555 1475 730 1562 καθαρίζων
739 1481 766 1522 ³⁰
787 1476 839 1541 καί
861 1471 882 1543 ἀ
905 1475 945 1562 μὴ
968 1478 1014 1544 δεῖ
1034 1477 1159 1563 ἔχοντας
1181 1480 1281 1553 aienc-

190 1577 380 1667 ρεόεσδαιίί.
412 1572 448 1644 Ἃ
468 1576 531 1665 [phi
556 1579 614 1643 δεῖ
635 1578 744 1664 ἔχειν
764 1577 769 1666 Ι
788 1581 827 1644 ἐν
849 1581 935 1654 ταῖς
957 1581 1130 1654 σκαναῖς.
1172 1581 1280 1668 μηδείς

189 1682 293 1755 κλίνας
320 1682 416 1768 ἐχέτω
444 1685 476 1748 ἐν
504 1685 555 1747 τᾰι
580 1683 689 1747 σκανάι
717 1681 795 1767 μηδὲ
821 1677 1026 1769 ἀργυρώματα
1052 1684 1190 1757 πλείονος
1212 1677 1282 1756 ἀξια

190 1787 329 1872 δραχμάν
351 1787 540 1871 τριακοσιᾶν·
568 1786 596 1848 εί
618 1781 652 1848 δὲ
673 1782 734 1868 μή,
761 1779 801 1870 μή
824 1781 1030 1871 ἐπιτρεπόνΙτω
1052 1787 1081 1852 οἱ
1105 1787 1196 1874 ίεροί,
1228 1787 1282 1852 καί

188 1886 226 1953 τὰ
246 1883 461 1959 πλειονάζοντα
484 1882 550 1974 ίερά
571 1886 648 1952 ἔστω
670 1889 729 1951 τῶν
751 1888 844 1952 θεῶν.
875 1883 1171 1972 Ἀιοσμοόντων.
1209 1881 1282 1956 όταν

144 1989 224 2058 ουδὲ
247 1991 279 2054 ai
301 1987 404 2054 θυσίαι
423 1987 475 2054 καί
495 1985 533 2054 τά
548 1984 696 2074 μυστήρια
716 1990 908 2072 συντελεῖται,
934 1987 1079 2076 εὐμαρεῖν
1093 1987 1215 2079 πόνίγτας
1229 1993 1283 2058 καί

186 2088 307 2159 ἀκοόειν
337 2096 396 2157 τῶν
417 2091 723 2179 παραγγελλομένων·
756 2087 806 2156 τὸν
837 2091 871 2156 δὲ
894 2089 1076 2159 ἀπειδοῦντα
1096 2089 1117 2180 ἢ
1140 2092 1281 2182 ἀπρεπῶς

189 2191 446 2283 ἀναστρεφόμενον
468 2196 512 2268 είς
532 2190 566 2260 τό
587 2195 670 2258 δεῖον
694 2189 896 2280 μασιιγοόντω
918 2197 947 2260 oi
970 2196 1044 2283 ίεροί
1061 2197 1065 2282 ί
1081 2197 1133 2262 καί
1159 2194 1282 2263 ἀποκω-

187 2295 301 2364 λυόντω
322 2302 378 2364 τῶν
402 2297 581 2383 μυστηρίων.
609 2292 888 2384 Ῥαβδορόρων.
922 2295 1107 2386 ῥαβδοφόροι
1128 2299 1162 2364 δὲ
1183 2299 1279 2364 ἔστω-

187 2425 242 2468 σαν
264 2405 299 2467 ἐκ
319 2405 376 2466 τῶν
399 2402 487 2487 ίεραῖν
510 2397 621 2480 εἴκοσι,
651 2398 703 2464 καί
723 2399 953 2488 πειδαρχοόντω
974 2403 1034 2474 τοῖς
1056 2398 1283 2489 ίπιτελοόνίτοις

185 2500 223 2570 τά
246 2499 393 2590 μυστήρια
402 2505 441 2580 ³²,
464 2500 517 2568 καί
538 2503 710 2586 ἐπιμέλειαν
737 2499 868 2589 ἐχόντω,
901 2497 981 2577 ἀπως
1011 2500 1205 2591 εὐσχημόνως
1227 2506 1281 2571 καί

188 2601 336 2678 εάτόιιτως
358 2598 415 2670 ἀπὸ
437 2610 496 2670 τῶν
517 2606 804 2692 παραγεγενημένων
831 2603 928 2671 πάντα
949 2609 1085 2693 γίνηται,
1116 2604 1221 2682 καθὼς
1243 2602 1281 2674 ἀν

188 2709 455 2795 ίπαραγγίλλωντι
475 2709 504 2772 οί
526 2707 575 2773 iet
596 2702 708 2772 τοότων
730 2710 917 2795 τεταγμένοι·
945 2709 1015 2784 τούς
1030 2709 1063 2775 δὲ
1079 2707 1280 2785 ἀπειθοῦντας

169 2937 202 2984 tt
221 2931 341 2991 cabitos,
362 2943 478 2996 quornm
498 2933 562 2982 sunt
579 2931 705 2996 mysteria
724 2933 934 2997 Samothracica,
954 2933 1089 2998 designari
1107 2934 1279 2988 demonstra-

98 3023 138 3072 vit
161 3021 189 3070 S.
213 3017 276 3070 ccli.
300 3017 410 3081 Dionys.
437 3015 521 3068 iiaiic.
547 3017 609 3068 int.
627 3018 648 3078 1,
676 3021 708 3066 aa
731 3014 764 3068 τὰ
787 3017 833 3085 μὲν
852 3015 897 3069 οὖν
920 3015 957 3076 είς
977 3013 1086 3070 Ἰταλίαν
1112 3015 1156 3070 ὑπ’
1173 3016 1279 3075 Αἰνείου

96 3101 254 3174 κομισθέντα
271 3099 326 3171 [apri
341 3128 376 3140 —
392 3099 483 3172 γράφω
499 3107 551 3154 τῶν
567 3117 595 3153 τε
613 3099 731 3172 μεγιίλων
750 3100 818 3156 θεῶν
835 3101 935 3160 είιιόνας
953 3099 1027 3166 είναι,
1047 3101 1091 3164 οδς
1109 3101 1279 3178 Σαμοθρᾷκες

91 3185 229 3258 Ἑλλήνων
242 3185 352 3257 μάλιστα
362 3184 529 3256 ὀργιάζουσαι.
555 3188 664 3238 Diodcr.
682 3189 728 3249 lv,
748 3193 780 3240 ts
798 3185 859 3246 τοὺς
877 3186 904 3238 δ’
921 3183 1091 3260 Ἀργοναύτας
1108 3191 1183 3261 φασίν
1197 3220 1228 3232 -
1242 3192 1279 3252 είς

99 3265 274 3344 Σαμοδρᾴαην
300 3269 454 3342 κομισθῆναι
479 3271 524 3324 οιαὶ
548 3277 603 3330 τοῖς
631 3269 748 3344 μεγάλοις
775 3271 847 3332 δεοῐς
872 3272 918 3333 τὰς
940 3271 1017 3346 εδχάς
1039 3273 1181 3336 ἀποδόντας
1203 3277 1279 3331 πάλιν

96 3358 230 3414 ἀναθεῖναι
255 3357 300 3417 τὰς
327 3356 420 3428 φιάλας
443 3353 479 3415 είς
500 3357 531 3409 ιδ
548 3355 652 3426 τέμενος
678 3359 792 3425 aliisque
819 3363 981 3427 scriptorum
1008 3363 1202 3428 titulos-umque
1235 3367 1278 3414 te-

95 3447 241 3500 stimoniis.
278 3447 335 3495 iam
354 3455 417 3495 cnm
436 3445 581 3494 Pausanias
599 3443 698 3495 raierai
716 3445 869 3512 tiethapum
886 3448 1078 3499 Atheniensem
1096 3450 1123 3497 et
1140 3447 1278 3500 andaciae

97 3533 204 3585 Cereris
222 3544 299 3582 sacra
317 3531 467 3582 restituisse
485 3531 513 3579 at
524 3529 622 3580 Thebis
639 3529 798 3581 cabirorum
816 3533 943 3595 mysteria
963 3534 1112 3584 instituisse
1131 3533 1275 3598 (1V‚i‚7)‚

96 3631 169 3684 quae
181 3619 238 3683 ipsa
250 3628 358 3682 qnoque
371 3627 435 3665 cnm
447 3615 641 3680 antiquissimis
655 3616 761 3668 Cereris
772 3618 856 3668 sacris
869 3618 1007 3668 coniunxit
1021 3617 1108 3680 (Pane.
1123 3617 1170 3680 ix,
1184 3622 1225 3680 25,
1242 3621 1275 3684 6),

97 3715 185 3770 ραεοε
202 3705 308 3753 certum
326 3705 368 3752 est
385 3699 419 3751 ab
438 3713 470 3750 ao
488 3699 599 3752 demum
612 3701 723 3752 Cabirus
741 3703 827 3753 sacris
845 3703 949 3753 Cereris
967 3705 995 3753 et
1012 3703 1188 3766 Proserpinae
1206 3717 1277 3768 quae

95 3789 236 3840 Andaniae
252 3785 352 3837 flebant
369 3787 486 3837 insertos
503 3797 573 3841 essa.
598 3788 626 3840 S.
656 3787 728 3838 Num
746 3801 811 3838 vero
829 3787 984 3853 Methapum
1002 3793 1075 3838 recte
1092 3789 1224 3854 Sauppius
1242 3790 1276 3841 ad

95 3873 301 3940 Epaminondae
313 3877 434 3939 tempora
447 3873 591 3932 rettulerit,
612 3871 761 3923 diiudicare
780 3885 833 3922 non
851 3873 948 3924 audeo.
1020 3877 1051 3923 ti
1070 3873 1109 3925 Gi.
1131 3875 1209 3926 Paua.
1230 3877 1275 3937 iv,

95 3965 138 4023 88,
161 3961 192 4008 i:
222 3956 241 4026 ἡ
266 3957 295 4010 δὲ
312 3953 394 4028 (Αγνὴ
419 3951 508 4028 Κόρης
536 3957 624 4023 (codd.
644 3951 727 4026 Κόρη)
753 3961 801 4026 τῆς
823 3952 960 4028 Δήμητρός
984 3957 1049 4010 ἐστιν
1074 3956 1216 4028 ἐπίκλησις.
1247 3961 1275 4011 S.

96 4049 129 4096 28
149 4043 190 4097 Gi.
211 4042 281 4094 itit.
301 4047 359 4107 stt,
380 4049 407 4095 t.
479 4048 511 4094 tt
529 4045 598 4095 Vasa
616 4044 716 4108 quibus
734 4045 889 4095 continetur
906 4057 975 4109 aqna
995 4043 1141 4095 lustrandis
1159 4045 1276 4096 homini·

95 4131 149 4182 bus
176 4131 334 4182 inserviens.
383 4129 422 4180 Gi.
452 4129 569 4194 Hesych.
604 4125 726 4200 δδρανός·
757 4127 771 4180 δ
800 4127 919 4200 ἀγνιοτὴς
947 4135 999 4180 τῶν
1028 4123 1197 4181 Ἐλευσινίων.
1246 4131 1272 4181 F.

95 4221 128 4266 to
148 4215 188 4268 Gi.
209 4219 273 4277 tta,
300 4219 313 4265 t
333 4229 392 4281 sqq.
429 4213 518 4266 Atium
537 4215 645 4266 titulum
668 4217 843 4282 incipientem
864 4210 927 4285 'Ap'
945 4215 980 4266 ὧν
998 4212 1056 4286 χρὴ
1075 4211 1275 4284 ωδΗρίζεσδίαι

93 4301 173 4366 iique]
186 4298 191 4370 Ι
206 4297 243 4358 τίς
259 4300 302 4366 rii)
317 4299 404 4370 [ί]ε[ρδν
423 4297 520 4364 ίςιῖναι]
536 4299 638 4366 publici
656 4303 723 4352 iuris
741 4299 804 4352 tecit
821 4301 968 4352 Foucartue
986 4301 1014 4351 in
1026 4303 1222 4352 commentario
1240 4301 1275 4354 ad

93 4387 170 4438 hunc
188 4385 286 4438 locum.
360 4391 389 4437 tt
410 4385 450 4438 ci.
465 4399 492 4437 n.
508 4389 566 4449 titt,
581 4390 613 4436 at
626 4399 685 4452 sqq.
759 4391 789 4437 aa
810 4387 983 4438 Decemviros
1001 4383 1146 4451 significari
1162 4391 1275 4453 apparat

95 4472 195 4525 collato
213 4487 237 4526 v.
260 4476 317 4524 itt.
356 4473 382 4522 S.
