3094 5074
105 345 165 410 tta]
581 348 615 402 11.
641 349 693 400 Res
711 359 812 399 sacrae.

191 547 349 640 ὑποκριτὴς
377 551 571 639 dupundio&
602 548 793 637 λΚιὶλὶιιιιῙιιος
822 551 959 626 Καλλίου
981 548 1134 628 Σουνιεύς.

173 800 188 846 5
213 795 353 862 Supplevit
377 796 545 848 Kumanudia
562 809 596 847 ax
619 797 648 848 G.
675 797 696 848 1.
722 797 899 848 titillata
925 790 1062 865 (Φιλήμων
1087 791 1210 865 Δάμωνος
1228 793 1289 849 Διο-

104 879 195 949 μοιεὺς
211 879 328 950 οιονμιοιὸς
345 880 473 952 ποιητής),
494 882 568 947 quod
587 883 796 934 monumentum
813 896 878 934 sane
897 885 1091 948 imperatorum
1107 884 1288 934 Romanorum

104 971 193 1018 aetate
211 968 322 1018 demum
340 971 462 1020 erectum
483 971 540 1032 est,
567 967 617 1020 sed
640 969 699 1020 aine
716 969 800 1020 dubio
817 969 852 1020 ad
871 968 1069 1021 nobilissimum
1087 969 1164 1022 iilum
1181 972 1289 1036 poetam

103 1056 215 1119 spectat.
243 1055 294 1116 Qui
312 1067 375 1104 cum
388 1058 437 1104 464
451 1069 476 1104 a.
491 1053 553 1106 Chr.
574 1055 685 1106 demum
698 1058 822 1106 mortuus
833 1055 870 1106 eit
886 1053 928 1119 (ct.
944 1054 1025 1119 44487),
1045 1069 1117 1108 anno
1130 1059 1180 1107 ate
1196 1057 1290 1108 etiam-

104 1143 162 1191 tum
182 1139 300 1192 tabulam
319 1140 354 1192 ab
372 1155 405 1192 co
424 1142 451 1192 in
468 1154 595 1194 scaenam
614 1141 725 1193 missam
744 1153 804 1193 eoae
823 1153 903 1206 pocae
921 1155 973 1193 non
993 1146 1034 1194 eet
1051 1143 1213 1208 negandum.

1135 1317 1286 1326 ..ιι-*-

191 1447 262 1516 418
284 1453 376 1534 Lapis
400 1471 531 1534 magnus
554 1453 732 1515 Pentelicus
755 1453 905 1516 inventus
928 1455 1011 1515 inter
1031 1452 1231 1534 Asclepieum
1255 1463 1287 1514 et

104 1555 265 1618 theatrum
289 1555 412 1618 Bacchi.
445 1555 504 1620 Ed.
529 1555 726 1619 Kumanudis
744 1550 919 1640 Ἀθηναίου
940 1557 965 1618 V
989 1577 1020 1638 p.
1044 1557 1105 1616 330
1131 1576 1163 1618 n.
1184 1557 1233 1618 m.

334 1739 370 1808 Ὁ
391 1745 486 1829 δῆμος
508 1737 649 1830 ἐχορήγει
660 1745 682 1826 ¹,
709 1743 917 1830 Σωσίστρατος
938 1734 1016 1830 ἦρχε
1026 1743 1049 1825 ²,

283 1840 486 1934 [ἀγωνοθέτης
509 1841 668 1935 Θεοφάνης
690 1847 903 1934 Διοσκουρίδου
926 1840 1116 1932 Εὐωνυμεύς,

485 1945 647 2038 Ἔρεχθεῒς
671 1947 787 2038 ἀνδρῶν
810 1948 904 2031 ἐνίκα,

245 2047 408 2140 Σωκράτης
424 2048 541 2128 Ῥόδιος
561 2045 660 2139 ηὔλει,
683 2049 821 2142 Ἐράτων
840 2047 956 2139 Ἀρκὰς
978 2051 1146 2118 ἐδίδασκεν.

177 2298 186 2342 4
209 2293 248 2345 Gt.
270 2295 340 2347 4474.
421 2299 436 2346 i
456 2295 542 2348 Huius
559 2297 696 2348 archontie
714 2309 816 2347 annum
835 2295 1000 2360 ignoramus.
1041 2294 1137 2360 Utique
1154 2295 1289 2344 recentior

103 2381 246 2515 ηοῦηιιηυοιιι
264 2385 314 2432 aaa
332 2397 358 2433 a.
378 2382 458 2444 Che,
481 2397 535 2448 quo
554 2397 625 2433 anno
644 2383 772 2434 continua
791 2383 951 2433 archontum
970 2381 1120 2433 Atticorum
1138 2382 1222 2432 aerias
1240 2379 1290 2430 de·

104 2621 259 2633 -—-—.—

189 2755 260 2826 419
282 2763 400 2825 Tabula
423 2782 534 2844 magna
557 2773 590 2825 et
611 2781 715 2825 cressa
735 2762 850 2843 lapidis
864 2762 1025 2843 Pentelici,
1051 2761 1179 2822 invente
1202 2763 1287 2822 occi-

103 2863 233 2926 dentem
256 2883 368 2928 versus
390 2885 408 2928 a
429 2867 550 2928 theatro
572 2866 695 2929 Bacchi.
749 2865 807 2928 Ed.
842 2863 1037 2928 Kumanudis
1054 2857 1226 2947 Ἀθηναίου
1248 2863 1287 2925 Vl

103 2987 136 3048 p.
163 2966 225 3030 278
249 2987 280 3030 n.
308 2968 338 3030 7.
376 2995 382 3021 ι

439 3141 461 3223 i·
476 3130 589 3226 irim

439 3239 634 3328 ΙΕὐῙνομίδου1

481 3341 650 3434 Ἔρεχθηῖς
672 3341 788 3432 ἀνδρῶν
812 3344 896 3410 ἐνίκα

484 3450 633 3522 Φίλιππος
656 3444 820 3522 Σικυώνιος
842 3439 945 3533 noted

401 3568 416 3617 5
477 3548 661 3627 Ἑλλάνικος
680 3547 820 3639 Ἀργεῖος
842 3548 982 3615 ἐδίδασκε

174 3820 184 3866 4
209 3815 258 3866 Ηίο
270 3805 388 3881 quoque
399 3817 430 3865 ut
442 3827 468 3864 u.
484 3816 543 3864 444.
559 3816 617 3874 titt,
629 3813 760 3878 populum
772 3811 861 3878 ipsum
874 3810 1023 3874 choregum
1035 3810 1195 3875 inscriptum
1205 3808 1287 3860 tuisne

102 3903 173 3954 vidit
180 3903 259 3955 itum.
280 3901 422 3954 Aeiniatre
434 3900 504 3952 atius
517 3900 585 3966 lapte
597 3899 671 3951 hunc
683 3897 844 3963 attingebam
859 3896 1045 3949 verethum
1060 3893 1083 3960 [ὁ
1096 3892 1178 3964 δῆμος
1191 3892 1288 3965 ἐχορή-

100 4006 150 4062 γει,
162 3987 177 4041 ὁ
187 3985 361 4058 διῖνοιήρὶχιν,
374 3983 584 4058 Πάγοινοθίτηςὸ
596 3983 668 4038 δεῖνα
679 3980 827 4053 Εὐηομίδου
839 3983 886 4049 qui
899 3984 926 4034 in
939 3985 1077 4049 superiore
1090 3981 1198 4032 tabulae
1211 3981 1286 4046 parte

102 4076 226 4127 medium
237 4075 327 4126 locum
337 4073 474 4136 tenebant,
485 4087 500 4124 a
510 4072 603 4124 dextra
613 4071 765 4139 subscripta
774 4073 851 4122 erant
860 4083 930 4135 quae
939 4071 1045 4120 exstem
1054 4069 1088 4119 de
1097 4069 1219 4119 virorum
1228 4080 1287 4118 cer·

102 4164 214 4224 tamine,
233 4161 372 4213 osiniatra
383 4161 442 4212 sine
460 4159 545 4212 dubio
562 4159 660 4212 similia
678 4159 713 4210 de
731 4157 832 4224 pueris.
861 4154 938 4216 Quod
956 4155 991 4206 ita
1009 4153 1192 4206 administrari
1209 4156 1287 4218 pote-

102 4254 144 4300 rat
161 4249 226 4314 quia
243 4259 343 4300 munna
359 4248 484 4298 omnium
500 4245 683 4312 praemiorum
695 4241 921 4304 dedicandorum,
941 4241 1013 4306 quod
1027 4244 1105 4292 antea
1117 4239 1286 4304 singulorum

103 4336 284 4398 choregorum
302 4333 405 4396 iuerat,
431 4336 496 4385 tunc
514 4333 549 4384 ad
566 4344 652 4383 unum
676 4329 864 4396 agonothetam
883 4330 1051 4394 pervenerat.
1089 4325 1169 4377 Plane
1186 4326 1285 4390 gemini

103 4423 274 4474 monumenti
292 4421 423 4486 reliquiae
441 4421 506 4471 aunt
519 4411 614 4488 ‘Atreu
632 4419 666 4468 Vi
685 4431 711 4482 p.
733 4421 791 4468 467.
905 4418 920 4464 2
944 4414 1019 4465 idem
1045 4413 1144 4465 tibicen
1171 4404 1230 4466 ‘Aa
1253 4413 1285 4462 Vt

102 4523 128 4574 p.
152 4512 200 4558 444
220 4509 367 4574 inscriptus
386 4505 468 4557 tuisse
485 4505 601 4566 videtur,
621 4503 667 4556 ubi
687 4516 759 4554 nunc
777 4514 842 4554 sane
860 4500 926 4552 nihii
945 4504 1031 4553 enatat
1048 4501 1099 4552 nisi
1118 4502 1187 4552 ΦΙΛ.

154 4608 377 4660 υἰιιοιιυοιςοι,
391 4606 486 4658 Sylloge.
1048 4591 1079 4635 aa
