3110 5056
116 350 176 414 tit]
280 347 325 396 111.
358 345 396 396 Ab
415 345 557 396 Alexandri
575 345 662 408 Magni
681 346 768 395 morte
786 341 819 392 ad
838 341 996 392 Corinthum
1014 341 1139 393 deletam.
1238 341 1300 405 269

202 548 252 615 καί
273 551 374 621 πεζοῖς
396 545 447 612 καὶ
468 548 528 619 τοῖς
551 543 720 632 θπαίθροις,
752 545 917 626 πολιτείαν
946 545 976 608 ἐν
999 539 1134 629 Σμιίρνηι
1156 541 1207 630 ἐφ’
1234 543 1300 629 ίσηι

160 653 257 720 teani
280 647 383 736 ὁμοίαι
404 651 465 722 τοῖς
488 642 590 720 σίλλοις
611 647 759 719 πολίταις·
789 641 897 730 ὁμοίως
921 645 953 710 δέ
976 641 1157 733 δείδόσθαιΗΙ
1171 643 1230 731 tta
1244 673 1300 712 πο-

204 754 314 820 λιτείαν
343 749 394 817 καί
422 753 483 824 τοῖς
513 743 614 822 ἄλλοις
642 751 710 832 τίσῖς
740 750 877 830 ottobon
907 751 946 832 ἐμ
974 747 1146 834 Μαγνησίαι
1172 742 1238 814 ‘dont
1265 743 1300 812 ἂν

205 848 278 920 ὦσιν
299 850 468 940 [ἐλλεόθεροί
494 879 526 918 τε
553 853 605 918 καί
618 847 784 936 Ἕλληνες·
814 846 1055 936 ἀνενεγκτίτωσαν
1086 850 1119 915 δέ
1148 847 1215 924 τοὺς
1247 850 1301 936 μέγ

206 954 488 1043 καταλυχωμίσδς12
504 957 507 1040 γ
523 957 589 1038 τ]ῶν
613 959 651 1038 ἐμ
672 953 849 1038 Μαγνησίαν
872 954 988 1036 ίππέω[ν
1003 955 1041 1036 ria
1056 949 1107 1018 καί
1127 957 1223 1024 πεζῶν
1243 955 1301 1017 τῶν

206 1088 239 1128 τε
270 1058 347 1126 κατὰ
377 1057 466 1145 πόλιγ
499 1057 551 1123 καί
583 1061 642 1122 τῶν
674 1053 830 1142 θπαίθρων
860 1057 888 1120 ot
917 1048 999 1128 ’ὀντες
1026 1057 1211 1142 γραμματεῖς
1242 1059 1300 1119 τῶν

205 1159 363 1249 ταγμάτων
387 1162 435 1228 ἐπὶ
457 1158 507 1226 τὸν
531 1163 635 1244 δῆμον,
661 1163 718 1224 τῶν
741 1159 775 1222 δὲ
798 1150 913 1242 ἄθλων]
928 1159 931 1240 1
949 1160 1076 1243 σίκητῶν
1091 1155 1147 1243 τήγ
1169 1155 1301 1244 γραφίήλν

212 1268 242 1332 οἱ
258 1261 487 1352 ἀποδειχθέντες
504 1259 559 1328 θπὸ
583 1268 640 1327 τῶν
663 1263 701 1346 ἐμ
723 1260 898 1347 Μαγνησίαι
919 1259 1064 1326 κατοίκων
1084 1254 1204 1346 ἄνδρες·
1231 1252 1302 1324 θταν

208 1367 242 1432 δέ
263 1369 404 1432 τιθῶνται
425 1363 494 1438 τοὺς
515 1361 758 1450 καταλοχισμοὸς
781 1366 808 1428 σί
830 1365 1015 1450 γραμματεῖς
1041 1361 1093 1428 καί
1118 1364 1146 1428 οἱ
1164 1364 1167 1446 i
1183 1356 1303 1448 [ἄνδρες

209 1471 238 1534 oi
260 1466 502 1555 ἆίπσβειχθέντες
517 1465 572 1552 τηγ
586 1463 706 1552 γραφὴν
728 1471 786 1531 τῶν
810 1459 909 1532 ἄλλων
933 1467 1073 1550 οἰκητῶν,
1097 1461 1302 1552 δρκισσίτωσαν

207 1569 329 1654 [abbata
351 1575 379 1636 οί
402 1569 553 1644 ἐξετασταί
581 1566 630 1634 ἐπί
658 1571 710 1633 τοῦ
739 1565 888 1654 μητρῶισυ
919 1569 1009 1654 ἱεροῖς
1037 1564 1213 1651 νεοκαιίτσιίς
1235 1565 1303 1640 τούς

210 1674 262 1758 μὲν
280 1679 283 1758 γ
300 1674 490 1760 γραμμαλτεῖς
516 1666 536 1757 ἢ
570 1667 627 1756 μὴν
658 1667 716 1734 ἀπὸ
744 1675 797 1736 τοῦ
829 1670 980 1756 βελτίστου
1009 1667 1221 1756 ἀνενηνοχεναι
1247 1667 1303 1755 τήγ

208 1773 327 1862 γραφὴν
350 1781 404 1840 τῶν
427 1768 519 1840 ὄντων
542 1777 614 1856 adivi
634 1769 705 1859 παρ’
733 1769 833 1846 αὐτοῖς
855 1775 1002 1838 κατοίκων
1033 1775 1142 1838 ἱππέων
1165 1772 1216 1838 καί
1237 1775 1303 1856 [πε-
1416 1843 1425 1864 ·

165 1882 285 1958 50ζῶν,
317 1883 375 1942 τῶν
398 1901 430 1942 τε
457 1872 533 1941 κατὰ
567 1871 651 1940 πόλιν
681 1873 731 1940 καί
759 1872 837 1941 κατὰ
858 1873 924 1960 tuM}
939 1868 1075 1962 θπαιθρα
1095 1876 1301 1959 τασσομένων,
1410 1943 1418 1960 ·

208 1977 277 2052 τούς
299 1979 333 2044 δὲ
356 1971 466 2064 ἄνδρας
488 1976 555 2050 τοὺς
576 1976 795 2064 [ἀνᾎαρέρσντσς
809 1975 864 2064 τηγ
878 1975 998 2064 γραφὴν
1012 1983 1068 2042 τῶν
1089 1970 1197 2060 [ἄλλων
1213 1979 1302 2062 οἰκη-

209 2087 278 2163 τῶν,
303 2075 323 2165 ἢ
348 2080 405 2166 μὴν
429 2076 561 2146 ἀπὸτοῦ
585 2081 735 2166 βελτίστου
758 2078 972 2167 ἀνενηνσχέναι
999 2077 1054 2166 τὴγ
1074 2079 1193 2166 γραφὴν
1215 2079 1302 2164 adtuli

211 2180 369 2248 υίκσιίντων
400 2185 438 2267 ἐμ
461 2181 635 2267 Μαγνησίαι
661 2182 712 2248 καί
741 2177 833 2248 ὄντων
861 2184 1028 2269 ἐλευθέρων
1057 2181 1109 2248 καί
1129 2179 1297 2268 Ἑλλήνων·

209 2283 261 2360 τὰς
291 2286 323 2351 δὲ
351 2283 568 2370 &uana-Adaiou<
600 2282 718 2371 γραφὰς
750 2287 787 2368 οἱ]
819 2285 970 2356 ἐξετασταί
1002 2281 1217 2372 παραδότωσαν
1250 2291 1305 2349 τῶι

210 2383 493 2474 γραμμαίτοριίίλακι
514 2393 565 2471 τῆς
583 2390 586 2471 ξ
604 2389 713 2472 βουλῆς
735 2384 785 2452 καὶ
806 2393 858 2452 τσδ
874 2383 980 2472 δήμου,
1007 2385 1073 2452 δδέ
1092 2388 1195 2452 θέσθω
1214 2389 1256 2460 εἰς
1271 2383 1304 2450 τὸ

213 2487 369 2574 δημόσιον.
399 2486 688 2576 ἐπικληρωσσίτωσαν
718 2489 752 2556 δέ
774 2491 808 2571 ott
831 2489 989 2572 ἐξεταστῙαί
1012 2486 1128 2564 εἰςτὰς
1150 2487 1246 2575 φυλὰς
1267 2487 1304 2554 τὰ

211 2589 410 2680 ἀνενεχθέντα
438 2587 570 2675 ὀνόματα
599 2591 696 2658 πάντα
721 2591 772 2656 καί
799 2587 1066 2677 ἀναίγραψάτωσαν
1096 2594 1137 2665 εἰς
1164 2589 1202 2656 τὰ
1227 2595 1302 2675 κλη-

213 2690 382 2781 ρωτήρια13
403 2695 454 2760 καί
477 2695 553 2759 ἔστω
577 2694 716 2779 μετουσία
737 2697 798 2766 τοῖς
822 2691 1035 2780 ἀναγραφεῖσιν
1051 2696 1100 2777 eti:
1120 2691 1158 2759 τὰ
1179 2695 1305 2780 κληρλυ-

212 2796 302 2882 τήρια
324 2793 440 2862 πάντων
463 2791 506 2882 ὦγ
529 2795 661 2870 καὶτοῖς
683 2797 797 2870 λοιποῖς
818 2797 953 2870 πολίταις
970 2799 1117 2881 μέτεστιν·
1140 2792 1304 2884 ίχρήσθω-

213 2925 267 2964 σαν
291 2899 324 2964 δὲ
346 2903 374 2964 oi
395 2899 705 2986 πσλιτογραφηθέντες
731 2896 782 2964 καί
812 2903 850 2984 ἐμ
873 2899 1046 2984 Μαγνησίαι
1065 2897 1132 2986 περὶ
1154 2905 1212 2962 τῶν
1235 2923 1305 2964 συν-

212 2999 422 3088 annuendum»
451 3001 502 3066 καί
524 3005 582 3065 τῶν
611 2997 805 3087 ἐγκλημάτων
833 3007 899 3087 τῶμ
927 3000 999 3088 πρὸς
1027 3002 1213 3088 Σμυρναίους
1244 3001 1305 3074 τοῖς

166 3117 201 3165 55
211 3100 311 3188 νόμοις
326 3103 336 3190 ἢ
349 3107 410 3176 τοῖς
433 3104 624 3190 Σμυρναίων·
654 3105 847 3191 δεχέσθωσαν
878 3104 911 3169 δὲ
939 3102 989 3168 καί
1010 3107 1049 3189 ἐμ
1071 3103 1245 3190 Μαγνησίαν
1271 3101 1305 3168 τὸ

211 3207 342 3291 νόμισμα
362 3204 395 3271 τὸ
417 3213 469 3291 τῆς
490 3201 605 3280 πόλεως
626 3207 777 3291 [ἔννλσμον
805 3207 857 3273 καί
880 3200 1012 3293 σ’ίρχοντα
1041 3207 1074 3272 δέ
1101 3200 1134 3272 ὃν
1164 3199 1199 3270 θν
1231 3202 1306 3270 ἁπο-

212 3310 334 3394 στέλληι
356 3305 371 3374 ὁ
395 3313 487 3393 δῆμος
509 3305 702 3396 κυριεύσαντα
723 3333 756 3374 τε
772 3309 775 3393 Ι
792 3313 853 3395 τῶγ
875 3313 1000 3376 κλειδῶν
1023 3309 1075 3374 καί
1097 3304 1237 3393 ἐσόμενον
1257 3307 1305 3373 ἐπί

211 3415 264 3497 τῆς
287 3414 422 3498 φυλακῆς
443 3417 495 3496 τῆς
517 3407 631 3484 πόλεως
653 3411 705 3476 καί
734 3409 952 3498 διατηρήσαντα
980 3409 1040 3498 τήμ
1065 3409 1151 3476 πόλιν
1172 3417 1228 3476 τῶι
1250 3413 1306 3498 βα-

212 3517 289 3578 σιλεῖ
317 3509 468 3578 {steiana
500 3515 717 3600 παραδέξωνται
753 3516 781 3578 ot
812 3517 851 3598 ἐμ
878 3513 1065 3600 Μαγνησίαν·
1102 3511 1244 3598 δόῖτωσαν
1272 3513 1306 3578 δέ

212 3615 377 3703 Σμυρναῖοι
405 3615 456 3680 καί
486 3617 528 3690 εἰς
556 3612 780 3701 κατασκήνωσιν
792 3620 817 3660 ¹⁴
845 3617 906 3690 τοῖς
934 3619 1221 3701 αίπσσκευαζομένοις
1247 3623 1305 3681 τῶν

196 3860 228 3905 tu
245 3853 420 3926 καταλοχίζειν
444 3860 484 3908 est
505 3869 555 3923 per
578 3857 685 3908 ordines
705 3854 777 3919 (κατὰ
798 3853 900 3927 λόγους)
928 3857 1079 3922 dispertiri,
1105 3869 1184 3908 suum
1209 3859 1306 3920 auique

123 3941 249 3994 ordinem
268 3943 413 4007 assignare.
435 3941 473 3994 Gt.
488 3943 596 3996 Diodor.
615 3943 708 4005 xviri,
731 3947 762 3992 it
781 3939 857 3999 εὐθὺς
875 3940 919 3994 οὖν
936 3939 996 4000 τοὺς
1014 3941 1060 4010 μὲν
1078 3941 1114 3999 εἰς
1130 3940 1213 4003 τάξεις
1230 3959 1306 3993 κατε-

123 4025 238 4098 λόχιζον.
277 4029 366 4092 ltaque
383 4026 572 4098 καταλογισμδς
590 4041 673 4093 quum
691 4029 780 4092 ipsum
798 4027 962 4079 discribendi
979 4029 1126 4092 nogotium,
1152 4031 1209 4080 tum
1227 4028 1306 4078 tabu-

123 4113 166 4164 iaa
185 4113 317 4176 significat
334 4115 362 4163 in
380 4113 479 4178 quibus
497 4113 596 4163 milites
614 4114 766 4165 seeundum
784 4113 893 4164 ordines
913 4115 1032 4178 inscripti
1050 4117 1132 4164 erant.
1211 4116 1242 4161 ta
1256 4113 1307 4162 Le-

124 4197 223 4249 terouli
243 4199 359 4261 σίνίιιιπς
380 4211 478 4249 nomeu
498 4199 560 4250 iude
585 4199 761 4264 repetendum
789 4201 842 4258 est,
868 4200 940 4264 quod
965 4211 998 4248 ex
1020 4199 1062 4248 his
1083 4197 1183 4249 tabuiis
1207 4198 1306 4249 iudicia

124 4283 246 4336 sortibus
264 4283 507 4334 constituebantur.
532 4285 569 4334 De
587 4285 792 4346 magistratuum
810 4285 958 4342 sortitione,
979 4283 1057 4334 ouius
1069 4283 1217 4334 Boeekbius
1229 4297 1307 4334 men-

126 4370 234 4420 tionem
247 4367 316 4430 iacit,
337 4370 420 4420 nolim
433 4370 559 4434 cogitare,
579 4370 641 4433 quia
655 4370 691 4420 ibi
703 4383 797 4421 eorum
810 4371 900 4432 modo,
920 4371 967 4434 qui
984 4369 1156 4434 petivissent,
1174 4371 1244 4420 ratio
1256 4371 1306 4420 ba-

124 4453 251 4505 bebatur.
341 4457 371 4504 tt
390 4455 422 4506 nt
440 4457 458 4505 ii
477 4456 523 4520 qui
542 4455 683 4520 Smyrnam
701 4456 879 4519 demigraturi
896 4458 968 4516 aunt,
988 4451 1105 4506 habeant
1121 4455 1169 4508 ubi
1186 4467 1307 4506 eommo—
1394 4481 1396 4484 ·
