3084 5052
272 330 337 394 482
474 283 477 290 Ι
782 329 845 379 Pars
861 329 955 381 altera.
1387 331 1436 396 [tit

356 531 471 621 γιιίνης·
491 537 578 598 τοῦτο
594 531 628 598 δὲ
642 532 701 616 slot
723 529 756 598 τὸ
772 528 990 621 ὖπερεόρεμαί,
1016 529 1067 598 καί
1080 529 1133 598 ἐάν
1148 558 1178 598 τι
1193 526 1265 599 ἄλλο
1284 533 1290 620 ί
1306 530 1437 621 [ἀργύριον

358 641 393 704 ἐν
421 637 486 720 cdlv
521 635 673 720 ἐπιτιμίων
706 637 903 722 προςγόνηται
937 631 1041 718 obruit,
1078 627 1205 714 ἅπανίτα
1236 632 1397 723 πράίξοοοιν]
1415 640 1438 701 οἱ

334 736 516 806 οναοιτοιοίί
536 736 587 804 τὸν
610 735 741 824 ἐργιύνην
764 738 815 804 καί
842 734 911 811 τούς
941 734 1080 824 ἐγγύους·
1101 739 1115 822 ΙΙ
1131 733 1183 804 ἐὰν
1213 738 1247 805 δὲ
1276 736 1315 825 μὴ
1343 739 1440 805 titon-
1505 763 1506 820 ι

360 866 426 923 τοιι,
457 843 500 914 εἰς
528 839 562 906 τὸ
591 836 734 926 λεύκωμα
765 836 1002 928 ἐκγράψοοσινῡ·
1034 841 1220 927 ἑγγδίδομενὓ
1250 839 1283 907 δὲ
1308 839 1339 907 τὸ
1365 841 1438 929 ἔργον
1505 863 1506 868 ’

356 936 428 1010 ύλον
450 941 522 1028 πρὸς
544 940 688 1030 χαλκόνί,
714 941 767 1017 τὰς
790 943 842 1028 μὲν
865 939 1008 1030 σπη’ίλαςΒ
1036 943 1088 1008 καί
1110 939 1178 1018 τούς
1200 940 1356 1031 ίίριγιιούςί
1379 941 1440 1032 πρὸς

272 1133 326 1184 que
352 1119 496 1181 nonaginta
522 1120 650 1184 quattuor
675 1129 772 1168 versus
799 1113 905 1169 habeat.
942 1116 1024 1167 Tituli
1051 1117 1122 1168 duae
1148 1119 1240 1183 partes
1267 1121 1340 1179 sunt,
1368 1130 1441 1168 vacuo

272 1205 359 1270 spatio
377 1202 484 1253 dimidii
502 1201 558 1253 lere
576 1215 672 1254 versus
690 1204 726 1266 (v.
740 1201 781 1264 89)
800 1203 871 1253 inter
888 1215 917 1252 sc
936 1205 1091 1266 separatae:
1113 1203 1213 1252 Prior
1234 1204 1269 1266 (v.
1284 1204 1381 1265 t—stl,
1399 1204 1442 1252 ini·

272 1291 309 1340 tio
328 1287 433 1351 mutila,
453 1288 488 1338 ad
506 1287 599 1339 titulos
617 1287 812 1352 conficiendos,
832 1287 946 1338 altera
966 1288 1000 1350 (ν.
1016 1287 1145 1352 ss-tes)
1165 1287 1200 1339 ad
1218 1301 1281 1339 saxa
1299 1287 1391 1353 quibus
1403 1300 1442 1351 pe·

271 1375 422 1426 vlmentum
444 1373 537 1439 templi
562 1375 745 1424 consternitur
769 1372 928 1424 collocanda
952 1375 1066 1438 spectat.
1110 1373 1253 1439 Templum
1278 1375 1363 1439 ipsum
1385 1373 1442 1422 lovis

271 1460 350 1524 liegis
361 1463 403 1510 est
418 1461 482 1523 (not.
499 1457 538 1520 ee)
561 1471 575 1508 a
594 1459 733 1510 communi
750 1459 914 1510 Boeotorum
934 1461 1101 1511 exstructum
1120 1461 1186 1522 (not.
1202 1463 1256 1520 όό).
1288 1458 1443 1522 legesque

272 1549 412 1597 curatores
436 1540 567 1608 (scordici)
595 1543 814 1608 redemptoribus
841 1541 979 1614 (ίργόνοιις)
1013 1544 1150 1607 scribunt,
1183 1543 1331 1597 admodum
1358 1541 1443 1593 similes

273 1633 338 1682 sunt
361 1643 455 1681 aarum
480 1641 548 1694 quas
567 1630 638 1680 tituli
656 1629 701 1679 alii
720 1631 794 1696 paris
812 1631 964 1694 argumenti
982 1633 1063 1694 atque
1088 1633 1197 1691 aetatis,
1223 1629 1346 1694 inprimis
1363 1629 1444 1691 Tegea·

272 1718 343 1767 ticus
362 1715 400 1778 (A.
420 1714 560 1765 Michaelis
577 1714 668 1765 Jahrb.
688 1713 707 1764 i.
729 1715 797 1765 Phil.
818 1715 950 1766 LXXXlll
968 1730 994 1781 p.
1011 1719 1059 1766 585
1073 1716 1144 1781 sqq.)
1171 1719 1198 1766 et
1216 1715 1318 1767 Deliaci
1341 1713 1390 1764 duo
1412 1711 1442 1778 (C.

274 1805 294 1854 1.
309 1803 339 1852 G.
361 1803 436 1859 2266.
458 1813 540 1864 quem
560 1801 683 1851 tractavit
696 1801 834 1851 Fabricius
853 1799 968 1850 llermae
987 1801 1058 1851 xvii
1078 1815 1102 1864 p.
1121 1805 1130 1849 t
1147 1813 1218 1866 sqq.,
1239 1792 1404 1868 et'Adqtcleu
1420 1797 1445 1847 lt‘

273 1899 302 1952 p.
318 1889 366 1936 titt
379 1885 431 1950 sq.)
452 1887 601 1937 continent.
709 1891 719 1935 t
748 1888 779 1936 V.
796 1890 861 1935 t-tt
880 1885 1017 1952 supplevit
1035 1885 1181 1949 Fabricius,
1202 1887 1250 1950 qui
1269 1885 1397 1950 perspexit
1411 1882 1445 1932 hic

273 1973 403 2039 praecipi,
423 1971 489 2036 qnid
508 1969 664 2023 iaciendum
683 1973 719 2022 sit
736 1971 760 2022 ei
778 1972 936 2036 redemptor
953 1984 1021 2037 opus
1040 1973 1197 2036 susceptum
1216 1971 1372 2024 deseruerit.
1403 1968 1445 2020 Ilti-

273 2071 327 2123 que
346 2060 408 2108 aute
426 2070 459 2107 ea
476 2068 547 2121 quae
565 2069 639 2107 nunc
656 2059 763 2107 emtaut
780 2059 912 2122 scriptum
931 2055 989 2119 luit,
1009 2070 1073 2108 eum
1091 2057 1223 2122 pecunias
1241 2069 1311 2122 quas
1322 2057 1372 2106 iam
1383 2067 1448 2106 acce·

273 2145 368 2210 pisset,
393 2141 507 2193 reddere
527 2142 643 2203 debere;
669 2141 774 2193 accedit
798 2141 882 2193 multa
905 2143 1017 2207 quintae
1040 2143 1125 2208 partis
1149 2143 1232 2193 totius
1258 2143 1385 2209 pecuniae
1405 2152 1448 2204 qua

273 2243 342 2295 opus
360 2227 516 2280 iaciendum
535 2227 676 2291 conduxit,
697 2229 725 2277 et
742 2228 764 2277 si
784 2229 886 2279 maiore
905 2230 991 2292 pretio
1010 2229 1088 2279 alteri
1106 2227 1177 2280 locat
1189 2228 1297 2292 civitas,
1316 2240 1390 2292 ιγυοιιι
1403 2227 1448 2290 ipsc
1505 2237 1506 2280 l

273 2315 450 2378 conduxerat,
471 2315 552 2364 etiam
577 2313 651 2378 qued
671 2313 783 2365 interest
805 2314 876 2364 inter
898 2311 951 2363 hoc
968 2317 995 2363 et
1014 2313 1089 2375 illud,
1109 2313 1281 2379 reipublicae
1299 2311 1448 2364 reddendum

274 2403 316 2454 est
333 2399 367 2450 ab
379 2413 412 2451 eo
427 2401 490 2463 (not.
509 2399 545 2462 sl.
619 2403 634 2448 s
653 2399 750 2460 Quinta
768 2411 841 2464 pars.
866 2397 906 2448 Gi.
925 2399 1057 2464 Harpocr.
1082 2397 1233 2451 ἐπιδέκατον
1253 2404 1283 2450 et
1300 2396 1448 2466 ἐπίπτμπτον,

274 2485 321 2538 ubi
340 2486 434 2552 Lysias
452 2489 479 2537 et
497 2485 571 2536 Plato
592 2485 733 2548 (comicus)
755 2483 837 2536 butus
854 2483 1058 2548 significationis
1077 2489 1158 2537 testes
1177 2485 1332 2537 laudantur.
1358 2485 1383 2534 F.
1405 2481 1450 2532 lic·
1505 2553 1506 2556 J

274 2571 338 2624 dem
356 2571 426 2622 redit
444 2569 643 2622 vocabulorum
663 2566 815 2626 ίπιόίιατος
831 2566 906 2626 τόιιος
925 2571 1111 2636 similiumque
1128 2583 1205 2622 usus.
1242 2572 1313 2622 Sana
1330 2571 1450 2636 praeterea
1505 2587 1506 2610 ι

273 2655 302 2708 τό
321 2653 480 2724 ίπίπεμπτον
499 2657 579 2706 etiem
598 2657 689 2722 ipsum
710 2659 791 2720 caput
809 2653 901 2705 addita
920 2657 1013 2720 quinta
1032 2659 1108 2720 perte
1127 2656 1273 2720 significat.
1359 2658 1372 2704 t
1396 2654 1412 2702 l.
1429 2665 1448 2700 e.

274 2739 326 2810 όοιμ
341 2737 371 2792 ἂν
384 2739 462 2793 πλόον
475 2737 583 2810 εύρίοκρ
601 2739 643 2804 (ci.
658 2753 685 2790 ν.
702 2745 726 2791 7.
741 2740 783 2798 76)
797 2738 826 2792 τό
840 2737 913 2810 ἔργον
926 2737 1002 2791 πόλιν
1015 2738 1192 2809 πωλούμενον.
1267 2745 1280 2791 l
1300 2741 1451 2804 Magistratus

274 2827 429 2878 ordinarius
448 2825 531 2876 fuisse
544 2827 668 2888 videtur;
690 2829 763 2876 certe
781 2826 905 2877 eiusdem
924 2827 1042 2876 nominis
1060 2825 1162 2877 iormce
1181 2839 1231 2890 pro
1245 2827 1351 2879 dialecti
1365 2825 1451 2876 ratione
1505 2869 1506 2872 ,

274 2913 425 2978 paullulum
444 2911 631 2976 discrepantes
650 2909 786 2974 (νεωποιοί,
812 2913 945 2976 veneciae,
971 2912 1084 2972 ναποῑαι)
1111 2911 1177 2962 tales
1196 2915 1368 2976 magistratus
1384 2909 1453 2974 signi·
1505 2969 1506 2978 J

276 2999 359 3049 ficunt
382 2999 410 3046 in
435 2997 519 3047 titulis
543 2997 659 3046 aliarum
683 2997 832 3048 civitatium
858 2998 1030 3048 Graecarum.
1068 2997 1167 3048 Contra
1185 2998 1213 3047 in
1232 2999 1313 3049 titulo
1330 2996 1453 3060 Tegeatice
1505 2979 1506 2984 ί

274 3083 322 3150 qui
335 3095 418 3146 opera
431 3082 520 3132 locant
538 3079 679 3150 όςόοτῆρες,
701 3085 841 3132 curatores
859 3081 1064 3133 extraordinarii
1083 3081 1167 3134 luisse
1185 3083 1324 3144 videntur,
1343 3085 1373 3134 ut
1383 3079 1452 3132 Athe·
1505 3099 1506 3142 γ

275 3170 317 3218 nis
336 3164 467 3219 intercinat
483 3173 535 3218 τῶν
554 3165 684 3236 δημοσίων
703 3165 791 3237 ἔργων.
865 3171 879 3217 5
898 3167 918 3218 l.
934 3181 958 3219 e.
978 3169 1005 3216 in
1020 3167 1182 3218 laterculum
1196 3167 1352 3220 debitorum
1369 3164 1452 3218 aerarii

274 3253 416 3304 referetur.
454 3251 493 3304 Cl.
516 3255 576 3318 lys.
597 3254 643 3314 lx,
665 3257 678 3302 ³
699 3248 862 3320 ἐπιβαλόντες
886 3249 915 3303 δὲ
931 3250 961 3303 τό
979 3249 1097 3323 ἀργύριον
1117 3250 1260 3322 πράξασθαι
1279 3253 1325 3322 μὲν
1344 3250 1389 3304 ούιι
1403 3249 1453 3301 ίπι-

274 3337 407 3412 γείρηοαν,
427 3335 541 3407 ἐξιούσης
554 3337 582 3390 δὲ
593 3342 640 3406 τῆς
652 3334 735 3410 ἀρχῆς
752 3335 893 3408 γράψαντες
917 3335 954 3396 είς
977 3335 1100 3407 λεύνιαιμοι
1122 3342 1177 3396 τοῖς
1194 3338 1299 3407 ταμίαις
1316 3335 1452 3406 παρέδοσαν.
1505 3317 1506 3402 J

275 3429 289 3476 ό
311 3426 363 3490 lpsi
379 3424 495 3476 ναοποιοὶ
513 3427 540 3475 et
557 3424 721 3475 architectus
739 3425 784 3474 liic
802 3423 959 3488 loquuntur.
1050 3429 1064 3474 'l
1083 3423 1221 3476 Fabricius
1240 3425 1310 3476 baec
1326 3427 1365 3475 sic
1383 3425 1453 3473 inter·
1505 3423 1506 3432 ¹

274 3511 394 3576 pretatur
409 3515 442 3561 ut
460 3523 528 3575 opus
546 3523 579 3560 er
596 3521 659 3560 aare
677 3512 705 3560 et
722 3523 756 3558 ex
773 3508 862 3573 lapide
881 3508 1036 3559 iaciendum
1057 3505 1140 3578 (ἔργον
1157 3509 1220 3578 πρὸς
1237 3507 1337 3581 χαλκὸν
1354 3537 1388 3547 -
1402 3507 1454 3575 πρὸς

273 3593 356 3658 λίθον)
378 3596 586 3660 distinguantur.
631 3595 665 3645 At
688 3595 807 3660 primum
832 3594 945 3658 quidem
967 3596 1098 3645 enuntiati
1122 3595 1303 3648 coniormatio
1328 3597 1356 3647 id
1379 3592 1455 3660 politti

273 3683 378 3746 suadet,
399 3685 429 3732 ut
447 3684 604 3732 universum
623 3693 707 3746 opus,
734 3679 768 3730 de
794 3693 849 3744 quo
873 3681 960 3745 primo
979 3680 1040 3730 loco
1059 3681 1173 3746 dicitur,
1193 3681 1292 3732 deinde
1311 3681 1392 3733 dividi
1408 3681 1454 3729 sta·

274 3771 383 3819 tuemus
402 3769 429 3817 in
448 3768 515 3818 duas
533 3768 623 3832 partes
641 3761 695 3829 (τὰς
714 3763 771 3832 μὲν
791 3761 887 3834 στήλας
910 3763 954 3818 οιαὶ
973 3761 1140 3824 rebellione
1160 3765 1269 3824 -τοὺς
1289 3763 1317 3818 δ’
1335 3762 1454 3832 ύποβατῆ-

275 3853 340 3926 ρας).
377 3853 464 3912 Quare
490 3850 519 3902 τό
547 3849 621 3920 ἔργον
649 3847 709 3902 όλον
738 3851 850 3901 minime
879 3851 912 3901 ad
940 3863 1022 3917 opera
1047 3865 1079 3903 ex
1106 3865 1168 3903 aere
1196 3851 1319 3904 iacienda
1346 3850 1455 3914 spectare

274 3941 371 4004 potest.
398 3939 509 3989 Accedit
520 3937 592 4002 quod
607 3937 634 3986 in
647 3936 699 3988 hac
712 3935 858 3988 verborum
871 3936 1050 3988 collocatione
1069 3949 1103 3987 ne
1122 3937 1184 3988 licet
1202 3939 1314 4002 quidem
1327 3934 1387 4007 πρὸς
1398 3930 1455 4003 χαλ·

272 4024 319 4076 adv
337 4023 371 4075 ad
389 4021 418 4076 τό
437 4021 511 4094 ἔργον
530 4021 638 4083 referre,
659 4021 708 4074 sed
727 4023 881 4074 necessario
899 4023 933 4074 ad
952 4019 1083 4092 όγόίόομιν
1102 4021 1276 4074 referendum
1294 4026 1344 4074 est.
1386 4017 1455 4083 Atqui

274 4109 337 4178 πρὸς
354 4106 452 4181 χαλκὸν
472 4105 599 4160 ἐνδιδόναι
617 4107 685 4158 nihil
710 4107 785 4159 aliud
813 4107 947 4174 significat
971 4121 1054 4173 quam
1074 4108 1122 4159 ‘eo
1145 4109 1290 4160 condicione
1315 4111 1411 4166 lucore,
1433 4107 1456 4151 tl

272 4199 387 4259 pretium
410 4209 471 4246 cere
497 4195 558 4258 (non
576 4207 644 4245 auro
662 4195 710 4244 aut
732 4195 853 4259 argento)
875 4192 1065 4258 peraotootor'.
1105 4193 1308 4246 Desideraveris
1327 4206 1389 4243 sane
1406 4201 1456 4238 me-

275 4296 336 4331 rum
354 4283 509 4343 genetivum
533 4277 642 4351 χαλιιοῦ.
681 4280 714 4329 At
735 4277 769 4328 cl.
795 4281 861 4343 sis,
883 4282 913 4330 lt
928 4293 1008 4344 sqq:
1034 4285 1086 4331 τῶν
1109 4296 1136 4331 τε
1160 4277 1292 4351 ἀρχόντων
1316 4275 1408 4330 divion
1429 4269 1455 4324 τό

276 4363 332 4434 ίερύ
348 4364 457 4434 ποτήρια
475 4364 510 4424 εἰς
528 4365 575 4435 τὴν
593 4369 641 4435 τῆς
659 4361 759 4422 πόλεως
782 4361 869 4436 χρείαν
892 4364 955 4435 πρὸς
977 4368 1088 4436 χρυσοῦς
1108 4361 1208 4418 ἑαατό.
1315 4369 1328 4414 8
1348 4361 1455 4414 Tabulae
1505 4359 1506 4364 ’

275 4451 374 4516 quibus
393 4451 463 4502 tituli
482 4451 678 4503 inscribuntur.
751 4455 765 4500 e
786 4452 904 4502 Coronae
923 4463 994 4516 quae
1013 4451 1112 4502 tabulis
1131 4453 1315 4517 imponuntur.
