3094 5074
94 378 156 442 tae]
554 377 598 428 111.
624 377 682 428 vita
699 379 813 442 pavete.
1213 381 1275 443 625

95 465 250 476 --—-—-

180 577 517 668 πεντακοσιοδροίχραι,
555 574 588 645 ὃν
616 579 767 652 συνέλεξεν
791 577 1004 666 Ἀλεξινιλῆςί,
1038 573 1074 646 οὗ
1104 583 1274 670 pastinavit

182 679 464 770 Καλλισταγόραςί,
504 678 648 770 ἀργυρίου
687 681 721 748 δὲ
759 683 943 769 προσέθηκεν
980 678 1085 750 ἑαυτὸν
1123 681 1273 772 δραχμάς,

182 784 319 873 ἐσθίήίίνί
348 783 382 850 δὲ
409 786 605 871 τετιμημένην
635 784 794 850 διακοσίων
827 788 984 873 δραχμῶν·
1016 782 1211 874 ὡμολόγησαν
1242 787 1276 853 δὲ

181 886 365 977 Συίστρατίος
398 887 450 953 καί
475 884 736 975 Ἀριστοκροίτιγςί
760 883 941 976 Ἐπαρχίδει
974 885 1191 977 συνειςπροίξειν
1224 886 1275 956 τὸν

141 1007 173 1060 lo
185 993 290 1080 ἔρανον
311 995 414 1056 τοῦτον
425 990 477 1056 καί
490 991 500 1078 ΙΙ
515 988 568 1057 ἐάν
582 1013 650 1056 τινα
663 995 722 1056 τῶν
738 992 890 1078 ἐςροροῖννθ
912 987 953 1078 pi
976 987 1102 1078 δίνηται
1123 994 1276 1080 είςπρᾶξαι

180 1092 401 1182 Ἐπαρχίδηςτ,
432 1089 713 1181 συμπροςίλήαεΗινί
742 1087 914 1180 Σώστρατος
948 1092 1000 1159 καί
1023 1089 1272 1183 Ἀριστοκράτης.

192 1217 257 1282 Μ
289 1192 531 1270 Κάλλιπποςε
563 1191 644 1261 Ἀνε
676 1191 731 1282 τὴν
761 1196 915 1283 θυγατέρα
932 1192 1163 1285 Ἀριίστολόχην
1186 1201 1276 1285 ἐνηγ-

180 1299 275 1387 γόησε
304 1296 485 1385 Σωστράτου
508 1298 636 1385 γυναῖκα
663 1297 715 1363 καί
740 1299 849 1385 προῖκα
877 1298 985 1386 μυρίας
1013 1302 1273 1388 τετρακισχιΙλίας,

183 1399 320 1468 ἀπέδωκε
349 1401 383 1466 δὲ
408 1385 461 1467 καί
489 1400 682 1488 τετρακοσίας
704 1401 734 1474 ἓξ
754 1398 804 1468 τὸν
826 1397 913 1467 τόκον
936 1397 968 1467 ὃν
990 1401 1083 1490 ἔλαβε
1102 1401 1187 1491 παρὰ
1208 1403 1276 1468 Σου-

183 1502 531 1592 στράτίουυῒγιπροιαί.Β
564 1525 628 1590 γ><γ
658 1500 976 1591 Ἀροινοκράτηςε
1002 1503 1070 1570 Mo:
1093 1500 1276 1593 Ἀρισταγό-

142 1621 172 1670 lb
187 1632 240 1695 ρτγν
267 1603 321 1693 ripa
349 1607 502 1694 θυγατέρα
531 1604 721 1695 ἑνηγγίό]ίγσε
748 1605 914 1692 Φιλοτίρονι
939 1609 1067 1694 γυναῖκα
1093 1608 1146 1673 καί
1167 1609 1277 1695 προῖκα

182 1711 277 1776 ἔδακε
306 1711 423 1796 μίυρίῙας
454 1706 602 1798 δραχμάς.
659 1729 723 1796 >4
755 1708 1006 1790 ΚαλλίξΙενος
1035 1707 1088 1798 τὴν
1123 1712 1277 1798 θυγατέρα

95 2023 200 2082 essent,
226 2022 284 2086 pagi
307 2023 355 2072 aut
372 2019 458 2071 tribus
481 2020 596 2071 civitatis
614 2019 801 2084 llyooniorum
825 2017 998 2082 intellegendi
1022 2024 1126 2084 essent,
1152 2020 1276 2086 idquod

96 2107 163 2157 milri
182 2107 300 2158 manime
318 2108 429 2172 propter
446 2117 590 2156 numerum
609 2105 715 2165 (novem
733 2106 805 2167 sunt,
825 2117 858 2154 ex
875 2103 975 2168 quibus
992 2117 1077 2156 unum
1090 2101 1153 2176 Θαρ.
1172 2105 1215 2158 bis
1233 2108 1276 2156 in-

96 2193 204 2244 venitur
227 2205 253 2243 ν,
273 2195 314 2242 tt.
336 2191 378 2256 st)
404 2192 431 2242 in
457 2193 510 2242 tam
534 2191 629 2254 exigua
654 2189 743 2240 insula
766 2188 947 2254 improbabile
965 2189 1080 2240 videtur.
1117 2191 1205 2252 Quare
1223 2192 1276 2242 llu-

95 2277 209 2329 manudi
226 2278 367 2341 assentior,
387 2277 546 2342 praesertim
569 2287 632 2325 eum
655 2287 710 2324 una
729 2289 762 2325 ex
786 2274 829 2325 bis
847 2275 931 2336 uotis,
957 2270 1053 2344 Ἀγλω.
1074 2287 1100 2326 ν.
1122 2279 1163 2339 ts,
1190 2276 1276 2327 multo

94 2361 203 2414 facilius
224 2363 259 2412 ad
280 2375 378 2413 noman
399 2361 516 2412 hominis
537 2355 724 2429 (Αγλώαριτος,
748 2350 929 2430 Ἀγλσφώνης,
949 2353 1101 2430 Ἀγλαοφῶν)
1120 2375 1201 2427 quem
1223 2361 1276 2412 loei

95 2447 237 2499 releretur.
313 2450 328 2496 2
347 2446 479 2498 lilerieles
491 2459 554 2497 cum
567 2447 592 2495 ai
610 2449 637 2495 et
654 2446 737 2496 sociis
754 2443 917 2509 quibusdam
935 2445 992 2496 auis
1014 2445 1056 2508 (ol.
1071 2449 1126 2498 not.
1141 2447 1164 2510 t)
1184 2448 1276 2498 nescio

95 2533 202 2598 quade
221 2545 301 2584 eausa
320 2535 421 2583 maiore
440 2531 572 2598 pecuniae
596 2543 702 2582 summa
726 2543 795 2596 opus
818 2531 903 2591 esset,
929 2543 990 2581 earn
1011 2530 1045 2582 ab
1069 2533 1180 2595 amieis,
1206 2532 1276 2582 inter

95 2631 165 2684 quos
183 2619 317 2669 Sostratus
335 2620 401 2682 erat,
421 2619 616 2682 corrogaverat,
635 2629 666 2667 ea
684 2615 855 2678 condicione,
875 2619 905 2666 ut
922 2617 1108 2681 unusquisque
1127 2618 1277 2682 quingenos

95 2703 240 2756 drachmas
262 2704 338 2755 daret
365 2699 636 2774 (ποντανιοσιόδροχμος
659 2699 756 2770 ἔρανος)
782 2703 809 2750 et
826 2703 857 2751 ut
874 2700 924 2752 lrae
941 2702 1073 2765 pecuniae
1097 2701 1276 2753 redderentur

95 2791 118 2840 si
138 2789 178 2840 illi
195 2791 247 2856 ipsi
265 2789 311 2855 qui
330 2788 462 2839 dederant
479 2789 518 2838 ais
536 2788 695 2851 indigerent.
725 2785 866 2846 Quomodo
884 2785 987 2838 laetum
1004 2787 1049 2850 sit,
1068 2790 1100 2837 ut
1118 2787 1200 2849 mille,
1223 2801 1275 2839 non

94 2876 258 2940 quingentae
276 2873 422 2926 drachmae
441 2875 560 2925 Sostrate
579 2871 759 2932 deberentur,
785 2883 839 2922 non
857 2872 937 2937 plane
954 2873 1129 2938 perspicuum
1147 2875 1202 2936 est,
1227 2873 1276 2924 sed

96 2959 131 3011 cl.
153 2962 207 3012 not.
229 2965 253 3010 t.
290 2961 367 3012 Certe
386 2962 508 3022 nonest,
532 2971 581 3010 our
599 2957 659 3009 illae
677 2955 750 3008 mille
769 2955 913 3008 drachmae
930 2961 1033 3023 partem
1052 2957 1133 3008 modo
1150 2957 1210 3010 elus
1227 2971 1277 3024 pe-

95 3047 194 3098 cuniae
211 3059 271 3097 esse
289 3047 439 3096 statuamus
459 3045 497 3106 (ut
512 3044 570 3095 vult
581 3043 734 3104 bertilana),
754 3055 824 3108 quae
843 3041 963 3094 Sostrate
982 3041 1141 3095 debebatur.
1167 3044 1235 3096 Nam
1248 3046 1276 3096 in

95 3130 211 3183 vocibus
232 3127 278 3188 τὰς
301 3126 437 3186 ἐνούσας
460 3127 490 3181 ίν
505 3135 561 3199 γτιῖνι
585 3125 666 3198 ἐράνῳ
689 3129 782 3192 utique
808 3125 821 3180 b
846 3125 935 3196 ίρανος
958 3141 1012 3178 non
1037 3131 1078 3179 est
1095 3131 1211 3194 pecunia
1229 3131 1276 3182 uni

94 3219 216 3269 Sostrate
235 3215 340 3278 debita,
367 3214 416 3266 sed
437 3217 493 3266 tota
517 3227 625 3265 summa
642 3213 753 3265 Alerieli
771 3214 805 3265 ab
823 3215 917 3264 amieis
934 3213 1046 3278 collata,
1069 3217 1100 3266 ut
1116 3219 1228 3282 apparet
1245 3229 1277 3267 en

95 3304 236 3354 enuntiato
255 3298 282 3352 ὃν
300 3297 441 3362 συνέλεξεν.
541 3303 555 3348 t
574 3299 632 3351 Etsi
650 3299 765 3372 ραέχειν
782 3302 828 3350 τοῦ
847 3296 937 3368 ἐράνου
955 3299 1110 3364 ambiguum
1129 3306 1181 3362 est,
1203 3303 1233 3352 ut
1250 3304 1278 3352 ei

95 3389 131 3440 de
150 3401 183 3437 ao
201 3387 247 3453 qui
265 3388 370 3452 aceepit
388 3389 415 3437 et
432 3386 466 3437 de
485 3399 518 3436 ee
537 3385 581 3436 oui
600 3385 715 3436 debetur
733 3385 786 3436 dici
804 3385 899 3451 possit,
918 3385 964 3435 bio
980 3385 1048 3436 milri
1061 3386 1169 3437 videtur
1180 3388 1221 3438 sio
1233 3389 1277 3437 in-

94 3471 286 3536 tellegendum,
307 3477 337 3522 ut
355 3471 540 3534 Callistagoras
559 3472 622 3520 itam
640 3471 801 3535 quingentas
824 3469 969 3522 drachmae
986 3470 1097 3522 Alexioli
1121 3473 1275 3536 contulerit,

94 3558 146 3610 sed
169 3559 228 3608 eius
252 3569 351 3607 nomen
374 3559 431 3606 slve
449 3556 599 3607 hereditate
623 3556 679 3606 sive
703 3555 754 3606 alia
780 3555 882 3606 ratione
908 3557 935 3604 in
953 3555 1104 3606 Sostratum
1122 3557 1274 3622 transierit;

95 3646 137 3695 sie
156 3641 257 3693 laetum
273 3641 388 3704 videtur,
409 3645 440 3692 ut
456 3641 521 3692 bulo
538 3641 611 3691 mille
630 3639 774 3691 drachmae
792 3639 965 3692 deberentur.
1064 3643 1078 3691 t
1096 3641 1146 3692 llio
1163 3653 1277 3693 aecusa-

94 3729 198 3780 sativus
215 3741 264 3793 pro
277 3723 374 3795 ἐσθῆτα
391 3728 441 3778 etsi
459 3726 522 3778 alibl
540 3739 594 3778 non
613 3727 760 3786 invenitur,
779 3723 909 3775 similium
928 3725 1165 3791 metaplasmorum
1183 3739 1277 3778 erem-

95 3813 139 3880 pla
159 3825 331 3878 nequaquam
350 3825 409 3863 rara
432 3814 497 3864 sunt
524 3809 567 3874 (oi.
587 3811 618 3864 G.
638 3811 730 3876 tleyer
747 3811 865 3862 Gramm.
886 3810 931 3860 (ir.
957 3825 984 3876 p.
1005 3813 1064 3876 sot,
1085 3813 1131 3877 qui
1149 3825 1199 3863 sue
1217 3813 1277 3864 iure

94 3899 253 3964 obloquitur
270 3897 415 3948 Laederaio
433 3897 630 3948 nominativum
648 3891 712 3965 ἔσίλη
736 3897 864 3946 statuenti
883 3898 910 3948 et
925 3909 1046 3961 pannum
1064 3897 1274 3962 interpretanti).

95 3991 109 4036 5
129 3985 196 4045 Quis
214 3984 259 4035 lrle
277 3983 358 4035 tuerit
376 3986 402 4034 et
419 3995 469 4033 our
490 3993 540 4048 pro
557 3983 675 4034 Sostrate
693 3995 722 4033 se
741 3980 900 4046 obligaverit
916 3983 990 4032 latet.
1080 3985 1095 4031 t
1112 3981 1135 4032 Α
1152 3981 1277 4047 pluribus

95 4073 178 4136 igitur
196 4067 364 4120 debebantur
375 4069 494 4119 Sostrata
513 4067 574 4118 illae
593 4067 666 4118 mille
684 4066 839 4129 drachmae,
860 4071 891 4118 ut
902 4069 1037 4132 appareat,
1057 4067 1204 4119 lleriolem
1222 4081 1276 4119 non

94 4169 146 4208 suo
164 4156 246 4208 unius
270 4155 378 4206 nomine
396 4153 540 4220 pecuniam
558 4153 593 4204 ab
611 4154 705 4204 amieis
731 4165 898 4217 corrogasse.
1011 4157 1024 4202 'l
1043 4152 1117 4213 Quae
1135 4153 1203 4218 exigi
1221 4167 1276 4205 nou

95 4244 237 4310 poterunt,
257 4253 289 4291 ea
307 4241 442 4292 Sostratus
459 4251 492 4290 ex
509 4251 558 4290 sue
576 4251 606 4290 re
619 4237 744 4289 iemilieri
763 4252 792 4290 se
804 4251 903 4304 genero
916 4239 1121 4288 numeraturum
1133 4240 1275 4304 promittit.

96 4333 111 4380 8
131 4329 267 4394 Sostratus
287 4325 366 4391 (allas
382 4325 442 4377 siue
459 4323 552 4386 dubio,
571 4337 653 4389 quam
670 4335 697 4374 v.
717 4327 741 4376 t.
757 4327 782 4378 t.
803 4325 844 4388 tl)
864 4323 910 4373 illa
928 4322 1022 4373 decem
1041 4323 1115 4374 milia
1132 4323 1276 4376 draobme-

95 4427 158 4465 rum
176 4411 296 4478 Collippo
312 4413 367 4463 iam
385 4409 514 4463 debuisse
534 4409 642 4462 videtur
665 4411 810 4475 auteqrrem
833 4409 893 4461 eius
916 4405 998 4459 illlam
1021 4409 1049 4459 in
1073 4409 1276 4462 matrimonium

95 4501 219 4552 dueeret.

149 4597 367 4650 Dittsnberger,
381 4595 478 4650 Sylloge.
1038 4599 1069 4648 to
