3082 5054
727 309 790 360 Pers
807 309 890 373 prior.
1308 304 1408 368 [ttr-

282 579 287 590 ,
304 515 356 578 καί
377 507 477 580 ὅπλων
499 515 618 577 πολλῶν
633 512 843 598 Ιἐκυ[ρίΙε]υσεν,
868 508 920 575 καὶ
940 511 975 574 ἐκ
988 511 1041 574 τοῶ
1057 502 1191 574 τοιούτου
1205 502 1316 594 τρόπου
1332 509 1404 572 δια-

304 612 463 703 κατασχῶν
492 612 530 680 τὰ
557 611 719 702 πράγματα
741 609 881 701 εὐψύχως
900 613 1114 699 γ’[πίεπείραται
1136 612 1198 684 τοῖς
1221 610 1403 694 διαδεξαμέ-

304 744 365 792 νοις
380 715 434 804 τήν
449 718 649 806 ἐπαρχείανῑί
671 712 903 804 ἀναταφθόροος
919 712 1046 798 πάνταίς]
1064 714 1069 801 i
1088 710 1156 786 ταῶς
1178 716 1209 778 ἐν
1231 715 1282 799 τῆι
1302 709 1404 799 χῶραι

305 817 489 908 διατηρήσας
511 823 542 886 ἐν
565 816 683 907 είρήνηι
703 845 736 885 τε
756 819 807 884 καί
822 821 853 884 ἐν
868 823 918 904 τῐμ
932 819 1090 903 καλλίστηι
1102 817 1300 903 παραδοῶίναι
1313 809 1404 888 ἀντας

260 939 293 989 35
305 920 503 1006 καταστάσει,
528 921 670 1012 πράσσων
692 925 788 988 ταῦτα
809 919 897 995 ἀξίως
921 921 974 1006 μὲν
996 926 1048 1006 τῆς
1069 920 1211 1019 πατρίδος
1232 917 1285 985 καί
1305 919 1380 1002 τῶίν]
1389 917 1405 1004 ΙΙ

303 1025 473 1112 προγόνων,
506 1023 593 1100 ἀξίως
623 1026 657 1092 δὲ
685 1027 737 1092 καί
764 1031 817 1111 τῆς
840 1026 917 1097 ἰδίας
940 1019 1026 1110 δόξης
1047 1047 1080 1088 τε
1101 1021 1153 1089 καί
1175 1018 1331 1108 ἀνδρείας,
1356 1021 1405 1086 ἔτι

305 1129 339 1194 δὲ
361 1126 411 1194 καί
432 1135 485 1216 τῆς
507 1129 792 1217 θνίίκεχειρισμένης
815 1124 905 1193 αθτῶι
927 1127 1067 1200 πίστεως·
1097 1123 1144 1191 διὸ
1167 1121 1314 1211 δεδόχθαι
1336 1125 1405 1210 Λη-

304 1232 468 1319 ταίωντῖμ
490 1215 596 1319 βουλῆιΙ
622 1232 674 1298 καί
702 1237 757 1297 τῶι
780 1227 915 1316 δίήίΙμιυι,
940 1231 1098 1295 ἐπαινέσαι
1117 1251 1150 1293 τε
1173 1223 1320 1314 Μάαρκον
1334 1220 1405 1292 Ἄν-
1467 1276 1470 1282 .

304 1359 366 1400 νιον
396 1329 531 1401 Ποπλίου
564 1335 673 1422 ταμίαν
696 1331 857 1418 Ῥωμαίων
894 1332 946 1398 καί
973 1333 1169 1418 στεραΙνῶσαι
1199 1327 1286 1396 αὐτὸν
1311 1325 1404 1416 χάριν

303 1441 359 1502 τῶν
381 1441 595 1524 πεπραγμένων
617 1439 734 1503 θαλλοῶ
758 1432 909 1522 στεφάνωι
929 1435 981 1500 καί
996 1435 1135 1500 τίθεσθαι
1149 1429 1248 1528 αρτῶίι
1266 1440 1271 1510 Ι
1291 1429 1405 1516 ἀγίῶνα

307 1537 423 1606 ίππυιὸν
452 1539 524 1606 καθ’
557 1543 622 1614 ἕτος
645 1545 676 1606 ἐν
705 1543 762 1606 τῶι
783 1538 911 1604 Δαισίωι
940 1537 1010 1624 μηνί
1038 1531 1110 1604 ’ὅταν
1140 1536 1275 1608 καὶτοῖς
1298 1530 1405 1608 ἄλλοις

263 1661 296 1710 40
305 1638 484 1730 εὖεργέίγιαις
506 1645 534 1708 οἱ
558 1641 671 1730 ἀγῶνες
693 1645 894 1708 ἐπιτελῶνται.
920 1643 1045 1707 ἑλέσθαι
1075 1641 1107 1706 δὲ
1130 1639 1181 1705 καί
1202 1633 1402 1726 πρεσβευτάς,

305 1745 410 1819 οἵτινες
431 1747 635 1833 πορευΙθέντες
656 1741 729 1832 πρὸς
752 1740 841 1810 αὐτῶν
863 1745 915 1809 καί
938 1740 1145 1829 ἀσπασάμενοι
1166 1737 1248 1829 παρὰ
1270 1747 1324 1827 τῆς
1345 1737 1425 1806 πό·-

305 1851 380 1922 λεως
402 1848 455 1914 καί
477 1851 672 1936 συνχαρέντες
692 1847 696 1934 Ι
716 1847 764 1912 ἐπί
786 1851 842 1914 τῶι
864 1845 1005 1935 ὑγιαίνειν
1030 1843 1118 1912 αὐτόν
1141 1869 1173 1909 τε
1194 1841 1294 1910 καὶτὸ
1310 1867 1406 1930 στρα-

305 1949 428 2017 τόπεδον
450 1950 484 2018 τό
511 1977 542 2016 τε
565 1949 705 2039 ψήφισμα
728 1947 943 2033 ἀποδῶσουΙσιν
971 1946 1022 2014 καί
1043 1948 1302 2034 παρακαλέσουσιν
1326 1943 1407 2010 ἀπο-
1488 2025 1495 2038 γ

308 2051 464 2138 δεξάμενον
492 2049 555 2138 μετ’
589 2050 707 2128 εὐνοίας
729 2051 781 2140 τήν
803 2059 855 2120 τοῶ
878 2050 975 2138 δήμου
998 2052 1183 2140 Ι’προίαίρεσιν
1210 2053 1260 2116 νῶν
1289 2073 1322 2113 τε
1349 2047 1405 2112 καὶ

262 2173 296 2223 45
305 2159 348 2230 είς
369 2154 418 2222 τὸν
442 2153 516 2242 μετὰ
537 2161 632 2222 ταῦτα
653 2154 760 2245 χρόνον
785 2153 900 2242 ἀγαθοῦ
915 2179 994 2228 τινος
1010 2152 1058 2220 ἀεί
1072 2152 1227 2240 παραίτιον
1241 2150 1252 2239 ΙΙ
1265 2151 1407 2237 γίνεσθαι

307 2265 357 2345 τῖμ
376 2255 463 2324 πόλει
484 2255 584 2345 ἡμῶν.
618 2255 830 2346 ἀναγραφῆναι
858 2257 891 2322 δὲ
919 2253 951 2322 τὸ
980 2250 1120 2344 ψήφισμα
1142 2255 1193 2321 καί
1215 2253 1264 2320 τὸν
1288 2256 1423 2341 στέφα-,

306 2387 355 2428 νον
379 2364 421 2436 είς
440 2361 445 2449 ί
466 2359 576 2449 στήλην
605 2364 723 2448 λιθίνην
749 2361 800 2426 καί
828 2361 954 2446 τεθῆναι
981 2365 1034 2444 τῆς
1062 2357 1172 2446 ἀγορᾶς
1198 2361 1229 2423 ἐν
1257 2363 1312 2423 τῶι
1335 2360 1407 2423 ἐπι-

307 2461 495 2552 φανεστάτωι
522 2461 633 2546 τόπωι,
661 2465 896 2552 προίνοηθέντων
924 2467 977 2548 τῆς
1003 2488 1036 2528 τε
1065 2459 1240 2550 ἀναγραφῆς
1268 2465 1321 2526 τοῦ
1343 2469 1408 2548 ψη-

307 2571 454 2654 φίσματος
479 2566 531 2632 καὶ
558 2571 610 2654 της
639 2563 811 2640 ἀναθέσεως
836 2571 889 2652 τῆς
918 2562 1037 2652 στήίλης
1064 2571 1122 2630 τῶν
1150 2589 1183 2652 τε
1212 2568 1408 2650 πολιταρχῶν

306 2670 431 2736 καὶτοῦ
453 2673 506 2756 τῆς
533 2655 648 2743 πόλεως
677 2669 794 2754 ταμίου.
827 2665 1081 2756 ἐπεχειροτονήθη
1101 2668 1107 2752 Ι
1127 2668 1211 2741 ἔτους
1233 2663 1263 2732 θ’
1286 2665 1338 2732 καί
1360 2663 1403 2742 κ’,

262 2769 454 2858 συΠανήμου
477 2771 515 2852 κ’,
541 2773 593 2838 καί
615 2774 775 2860 είρέθησαν
797 2772 978 2859 πρεσβευταί
999 2777 1057 2836 τῶν
1083 2774 1250 2858 βουλευτῶν
1264 2769 1275 2856 ii
1286 2765 1408 2844 Ἀδαῖος

304 2871 434 2957 Ἀδαίου,
460 2872 565 2941 Λόσων
585 2873 734 2957 Φιλώτου,
757 2872 900 2960 Ἀμύντας
922 2876 1076 2947 Λιέουςίί.

290 3140 321 3184 46
340 3136 464 3186 Praetore
482 3147 562 3186 caeso
575 3136 609 3186 M.
622 3137 725 3186 Annius
742 3135 801 3184 vice
820 3134 950 3200 praesidis
968 3135 1121 3199 provinciae
1140 3109 1248 3184 iunctus
1266 3135 1316 3194 est,
1337 3132 1407 3184 dum

219 3233 362 3272 successor
380 3221 460 3272 Roma
480 3222 639 3272 mitteretur.
745 3224 776 3268 tt
800 3220 906 3272 Nomen
924 3219 1066 3270 manifesto
1085 3223 1249 3283 corruptum,
1270 3217 1320 3268 sed
1338 3218 1408 3282 quid

221 3307 301 3356 lateat
319 3319 372 3360 nun
391 3319 529 3370 assequor.

307 3593 375 3661 248
390 3595 510 3659 Tabula
526 3597 691 3660 marmoris
707 3595 833 3659 candidi
847 3599 1002 3678 utrimque
1019 3597 1171 3678 iuscripta
1191 3595 1230 3678 (v.
1248 3596 1351 3656 t-97
1369 3597 1404 3686 in

221 3699 329 3778 fronte,
346 3721 377 3762 ν.
391 3701 490 3760 tte-t
500 3700 539 3760 92
553 3700 584 3760 iu
599 3711 687 3780 parte
701 3700 837 3782 averse),
853 3702 981 3763 iuventa
994 3701 1078 3761 inter
1090 3699 1204 3762 rudera
1218 3697 1330 3760 Olbiae
1347 3717 1406 3760 ve-

222 3803 310 3865 teris.
335 3801 417 3864 Edd.
429 3803 580 3883 Koeppen
592 3804 805 3865 Alterthumer
815 3822 866 3864 am
877 3801 1091 3886 Nordgestede
1104 3801 1160 3864 des
1173 3804 1299 3864 Pontus
1326 3802 1405 3863 Viu-

220 3893 480 3968 dobonae'tsut.
506 3925 539 3985 p.
558 3905 598 3965 85
615 3923 685 3986 sqq.
734 3905 878 3983 Koehler‚
905 3907 983 3967 zwei
999 3903 1213 3968 Auisehriiteu
1236 3903 1295 3966 der
1312 3902 1405 3966 stadt

221 4007 325 4068 Oibie.
366 4007 522 4087 Petropoli
547 4009 640 4070 ⁴822.
666 4025 696 4086 p.
716 4009 821 4087 8sqq.
864 3998 911 4068 Er
926 4009 1092 4088 utriusque
1109 4007 1264 4087 exemplis
1278 4007 1404 4068 Boeckh

223 4109 256 4170 C.
282 4111 306 4172 i.
332 4113 368 4174 G.
388 4109 483 4172 2058.
521 4111 582 4184 Qui
605 4119 678 4171 ante
700 4110 891 4172 Boeekhium
915 4109 954 4172 de
978 4109 1067 4173 titulo
1092 4111 1290 4172 commentati
1314 4119 1400 4188 suut,

220 4223 450 4276 enumerantur
464 4212 550 4294 apud
566 4215 680 4294 ipsum.
705 4213 815 4274 Postea
830 4211 921 4274 docte
937 4222 969 4274 et
984 4211 1145 4275 subtiliter
1161 4211 1201 4276 de
1218 4223 1404 4293 argumento

222 4309 317 4394 atque
340 4317 539 4396 potissimum
562 4314 602 4377 de
625 4324 727 4378 aetate
750 4313 907 4394 plebisciti
930 4313 1081 4378 disseruit
1109 4317 1159 4378 W.
1192 4314 1230 4378 Α.
1262 4314 1405 4378 Schmidt

222 4418 301 4479 itus.
326 4419 428 4482 λίνου.
454 4420 492 4480 lv
519 4419 624 4501 (4836)
651 4437 685 4498 p.
704 4419 765 4478 357
782 4435 853 4498 sqq.
880 4417 935 4477 574
957 4435 1027 4498 sqq.
1258 4423 1262 4432 “
