3084 5052
85 336 144 400 atr]
556 333 577 383 i.
603 334 654 384 lies
672 331 807 398 publicae.
1215 331 1280 394 449

172 533 304 624 γεωργός
331 537 456 608 πλέονος
484 536 678 622 τετμμῆσίλαι
699 531 716 601 ό
739 535 773 600 δὲ
794 532 931 620 τοκιστὴς
961 531 1134 614 ἐλάττονος,
1168 535 1281 606 ἐξεῖναι

174 634 275 712 αότυῖς
296 643 423 725 τιμῆσαι
444 633 516 704 όσου
540 635 576 704 ἂν
607 642 694 724 δοκῆι
716 641 817 712 καλῶς
834 637 837 724 ί
855 637 949 724 ἔχειν.
974 675 1017 686 -
1038 641 1091 702 τοῦ
1114 637 1148 701 δὲ
1169 639 1280 724 χρέους

175 742 215 829 μὴ
238 742 317 808 εἶναι
339 739 555 827 ἀντιτίμησινθ.
580 780 623 791 —
646 739 699 808 ἐὰν
722 739 790 826 iti
812 740 865 826 μὲν
887 741 1006 826 τίμησις
1029 745 1277 826 συνομολογῆται,

173 842 207 912 τὸ
230 845 264 911 δὲ
281 845 285 930 ί
303 841 420 910 δάνειον
445 846 712 932 διαμφισβητῆται,
736 839 756 930 ἢ
778 839 820 928 [τό
844 843 905 928 μὲν]
927 840 1033 908 δάνεον
1054 845 1280 930 [συνίομολογῆ-

145 964 233 1028 bret,
258 945 278 1034 ἡ
296 946 329 1012 δὲ
344 949 463 1032 τίμησις
487 945 689 1033 ἀντιλέηηται,
714 947 783 1033 περί
805 953 858 1010 τοῦ
880 945 1202 1032 διαμριίίσβητουμένου
1224 943 1281 1033 rip(

175 1053 278 1139 κ]ρίσιν
301 1049 390 1116 εἶναι.
411 1087 448 1098 «-
468 1043 489 1115 ἃ
512 1047 541 1115 δ’
569 1044 606 1116 διν
630 1053 658 1115 οί
681 1049 820 1115 δικασταί
841 1045 1029 1135 [δικάζωσινλ
1057 1045 1281 1136 ἀναγράψαντες

174 1156 216 1227 είς
244 1149 403 1238 λεόίκωίμα
425 1155 453 1216 ol
476 1153 677 1238 είςίοιηωγεῖς4
698 1153 751 1218 καί
772 1151 826 1226 τάς
856 1152 1017 1238 ἐπικρίσεις
1038 1148 1091 1224 τάς
1119 1155 1176 1216 τῶν
1200 1156 1282 1220 διαι-

174 1263 271 1342 τητῶν
295 1248 331 1328 δις
354 1250 390 1320 ἂν
413 1252 462 1320 ἐπὶ
482 1261 535 1321 τοῦ
559 1257 753 1342 δικαστηρίου
776 1251 1080 1342 συνομολογήοωσινί
1101 1251 1282 1342 παραδότω-

178 1362 240 1438 ίσοιν
256 1359 318 1432 τοῖς
333 1355 381 1423 ἐπί
401 1364 455 1424 τοῦ
476 1362 577 1424 κοινοδ
598 1359 733 1442 πολέμου
755 1353 957 1444 ἥιρημένοιςί.
975 1395 1018 1406 ·-
1033 1348 1104 1422 όταν
1129 1357 1163 1423 δὲ
1180 1383 1281 1444 παρα-

175 1461 310 1550 λάβωσιν
333 1463 362 1526 οἱ
384 1459 433 1526 ἐπί
453 1465 506 1526 τοῦ
528 1463 630 1526 κοινοῦ
657 1462 790 1546 πολέμου
811 1456 983 1546 ἡιρημίΙνοι
1009 1455 1062 1533 τὰς
1091 1462 1203 1546 κρίσεις
1228 1461 1281 1526 καί

174 1562 227 1638 τάς
249 1565 377 1645 διαίτας,
401 1559 617 1650 κληροότωσαν
639 1565 674 1628 ἐκ
696 1567 752 1629 τῶν
774 1559 935 1650 τριάκοντα
954 1567 1014 1628 τῶν
1029 1559 1201 1650 ἡιρημένων
1224 1560 1281 1630 ὑπὸ

174 1671 227 1732 τοῦ
252 1663 349 1753 δήμου
371 1663 442 1732 καθ’
477 1662 606 1751 ἑκάστην
629 1666 633 1750 ί
653 1662 843 1754 πενθήμερον
872 1660 983 1752 ἄνδρας
1011 1667 1099 1732 πέντε
1128 1663 1281 1754 διαιρετὰς

175 1775 236 1854 τῶγ
263 1765 438 1856 κτημάτων,
476 1765 691 1856 κληροότωσαν
722 1768 756 1834 δὲ
782 1767 834 1834 καί
862 1765 931 1842 τοὺς
960 1766 1068 1842 τόπους
1100 1765 1281 1856 ἀναγραψά-

50 1871 55 1880 '
133 1871 279 1959 Ιθμάίνοι,
305 1874 334 1938 οἱ
356 1872 391 1937 δά
412 1868 557 1959 λαχόντες
580 1871 788 1959 διαιρείτωσαν
810 1868 884 1937 καθ’
912 1863 964 1945 οἳις
987 1866 1022 1936 άν
1038 1872 1160 1938 ἕκαστοι
1173 1868 1282 1947 τόπους

175 1975 310 2062 λάχωσιν
333 1972 374 2062 μή
406 1977 587 2048 διασπῶντες
614 1972 690 2061 μήτε
717 1971 755 2038 τά
779 1979 833 2039 τοῦ
861 1977 997 2040 τοκιστοῦ
1014 1973 1018 2058 Ι
1036 1975 1112 2060 μέρη
1143 1972 1217 2060 μήτε
1243 1973 1306 2040 τά

175 2084 228 2143 τοῦ
253 2083 399 2164 γεωργοῖν,
428 2073 509 2143 ἀλλὰ
533 2074 570 2143 τά
595 2080 671 2165 μέρη
706 2079 862 2162 τέμνοντες
892 2080 1004 2163 συνεχῆ
1037 2073 1191 2162 ἀλλήλοις,
1229 2078 1282 2144 καί

176 2176 403 2246 ἀποδιδότωσαν
429 2187 483 2266 τῆς
510 2185 566 2267 γῆς
593 2181 655 2254 τοῖς
682 2181 832 2252 τοκισταῖς
848 2187 852 2261 1
868 2177 927 2262 [καί
948 2180 1010 2251 τοῖς
1031 2181 1181 2266 γεωργοῖς]
1202 2178 1282 2246 κατὰ

175 2279 263 2369 λόγον
286 2284 439 2370 ἑκατέροις
460 2288 519 2349 τῶν
549 2279 677 2370 ἐνόντωγ
699 2280 880 2370 χρημάτων,
914 2277 1162 2368 συλλογισάμενοι
1186 2280 1220 2349 τό
1249 2309 1282 2350 τε

86 2509 197 2560 debitor
215 2507 358 2579 (γεωργός),
379 2513 406 2559 et
423 2509 544 2560 creditor
564 2507 713 2576 (τοκιστὴς).
751 2509 781 2558 ln
799 2507 840 2558 eis
857 2520 927 2572 quae
944 2507 1067 2572 proxime
1085 2508 1282 2560 antecedebant

86 2596 266 2646 coustilutum
291 2595 363 2656 erat,
389 2597 420 2644 ut
443 2593 549 2646 iudices
572 2593 730 2654 definirent,
755 2595 844 2644 utrius
867 2593 1018 2644 aestimatio
1040 2595 1181 2657 sequenda
1199 2599 1279 2647 esset.

87 2680 171 2731 Nunc
182 2679 301 2742 additur,
315 2681 338 2730 si
352 2679 441 2730 neutri
453 2681 579 2730 assentiri
591 2681 703 2744 possent
714 2680 778 2744 quia
791 2679 905 2730 alterum
918 2679 1033 2730 nimium
1051 2679 1167 2730 alterum
1184 2693 1281 2746 parum

86 2765 169 2830 pretii
182 2766 309 2816 statuisse
321 2768 472 2831 appareret,
493 2766 576 2816 licere
589 2765 654 2830 ipsis
666 2764 802 2815 iudicibus
819 2765 972 2815 aestimare.
1045 2768 1059 2812 a
1080 2763 1152 2815 Licet
1164 2765 1281 2817 debitori

87 2863 153 2902 cum
172 2850 291 2901 creditor
313 2851 475 2913 aestimavit,
504 2851 598 2915 quanli
625 2851 660 2901 sii
686 2863 759 2914 ager,
789 2851 854 2900 itam
880 2851 1024 2900 aestimare
1048 2851 1165 2917 [not.t);
1185 2852 1280 2903 sedin

86 2949 195 2986 summa
213 2937 345 3001 pecuniae
363 2933 471 2986 debitae
491 2936 543 2988 hoc
561 2935 650 2986 facere
669 2935 776 2987 dehltnr
793 2937 909 2986 vetatur.
945 2935 1020 2996 Quae
1038 2935 1069 2985 l).
1090 2937 1117 2986 in
1137 2937 1179 2987 his
1192 2938 1282 2990 inesse

85 3021 145 3072 volt
165 3022 216 3071 ‘he
232 3021 342 3072 resultet
360 3023 391 3072 de
408 3023 466 3072 tear
482 3024 617 3084 ορόνοιιοιι
636 3021 664 3085 [i.
685 3035 709 3072 e.
729 3021 924 3071 aestimationis
943 3020 1099 3085 fundorum]
1124 3027 1162 3073 est
1184 3027 1281 3074 soumis

86 3120 145 3156 αιωο
157 3109 249 3169 japsa,
268 3109 312 3168 pei
327 3113 439 3168 ριιιοοιιι
457 3109 480 3158 le
497 3109 614 3172 moditor
631 3106 655 3156 δ’
674 3107 746 3172 office
765 3103 952 3174 (ἀντιτίμησις),
971 3109 1039 3156 mois
1056 3109 1197 3158 ιοαιοιιιειιι
1215 3110 1282 3159 dnos

86 3192 199 3242 t’iotfrtt
216 3193 251 3242 du
268 3192 419 3253 erfaocier',
440 3192 468 3243 id
487 3192 569 3243 verba
587 3191 739 3255 significare
758 3192 833 3244 nullo
852 3191 934 3243 modo
959 3195 1080 3257 possunt.
1165 3195 1282 3245 thibe-

86 3279 130 3327 nis
150 3277 203 3327 hoc
221 3277 385 3328 vocabulum
403 3283 430 3329 et
448 3279 475 3329 ln
494 3279 652 3329 universum
670 3277 704 3329 de
723 3277 925 3341 magistralibus
944 3279 990 3342 qni
1009 3279 1118 3330 iudiciis
1142 3281 1282 3345 praeside·

86 3361 156 3412 bant
186 3362 370 3427 usurpabatur
400 3365 427 3414 et
460 3365 647 3427 magistratum
675 3363 814 3428 quendam
841 3363 937 3414 decem
965 3365 1085 3415 virorum
1112 3365 1282 3430 significabat

91 3447 209 3512 (Lipsius
227 3447 262 3498 ad
275 3449 358 3498 lfeier
375 3451 403 3499 et
414 3448 585 3500 Schoemann
597 3449 650 3501 litt.
664 3449 741 3500 Proc.
756 3462 783 3514 p.
796 3450 838 3500 st.
852 3449 880 3500 C.
896 3451 916 3499 l.
937 3451 990 3501 Ait.
1011 3451 1046 3500 lll
1066 3454 1154 3514 list).
1181 3451 1280 3517 Ephesi

86 3533 231 3599 proprium
248 3533 420 3597 magistratus
437 3547 538 3585 nomen
552 3533 635 3585 fuisse
648 3535 766 3597 videtur,
788 3536 852 3598 quia
864 3535 951 3595 aliter,
971 3549 1034 3585 cum
1048 3536 1098 3586 hae
1113 3537 1174 3588 lites
1185 3550 1282 3588 omnes

87 3617 214 3668 eiusdem
232 3620 339 3681 generis
356 3621 419 3682 sint,
440 3633 494 3671 non
512 3619 715 3684 intellegeretur
727 3632 776 3671 cur
788 3621 961 3682 magistratus
973 3621 1008 3670 ad
1020 3635 1103 3686 quem
1117 3621 1281 3673 deferendae

88 3705 184 3753 essent
207 3717 259 3752 non
279 3707 437 3756 nominatim
463 3705 638 3757 indicaretur.
746 3709 761 3755 s
786 3705 819 3756 ut
835 3705 963 3767 Athenis,
989 3708 1029 3756 sic
1047 3706 1149 3770 Ephesi
1171 3694 1282 3772 quoque

87 3795 236 3852 antequam
254 3788 287 3842 lis
304 3791 339 3840 ad
359 3791 491 3842 iudicium
509 3792 673 3856 perveniret,
694 3790 790 3842 arbitri
808 3792 969 3842 sententiam
988 3793 1208 3856 pronuntiabant.
1251 3795 1280 3843 in

87 3887 143 3937 qna
162 3875 186 3923 si
211 3877 383 3938 acquiescere
401 3877 530 3928 volebant
547 3879 616 3928 inter
634 3891 702 3944 quos
721 3877 753 3926 lis
770 3879 837 3937 erat,
858 3877 886 3927 id
905 3880 934 3927 ut
952 3891 1043 3929 coram
1062 3878 1202 3929 iudicibus
1215 3891 1281 3942 pro-

87 3959 246 4010 nuntiarent
268 3973 301 4010 ac
324 3961 365 4012 sic
382 3961 550 4013 sollemniter
568 3961 769 4023 confirmarent,
789 3963 848 4026 lege
866 3964 1043 4015 constitutum
1062 3962 1145 4014 fuisse
1163 3963 1279 4014 videtur.

85 4047 208 4109 Apparet
224 4046 297 4094 enim
316 4047 430 4098 vocibus
449 4045 491 4098 trrl
507 4051 553 4099 τοῦ
571 4045 733 4116 δικαστηρίου
757 4047 831 4097 nullo
856 4049 937 4100 modo
962 4063 1052 4114 neque
1069 4046 1185 4119 ἡγεμόνα
1209 4047 1282 4100 δικα-

87 4125 192 4198 στηρίου
211 4143 299 4196 neque
318 4131 435 4182 arbitros
457 4131 604 4200 (διαιτητάς)
625 4133 738 4184 indicari
757 4145 846 4198 posse.
874 4133 957 4185 Aliter
976 4135 1005 4185 l).
1026 4150 1052 4201 p.
1070 4139 1129 4194 tuh,
1151 4136 1196 4199 qui
1215 4133 1281 4184 bror-

86 4214 167 4284 τητάς
186 4217 367 4268 aestimationi
384 4217 521 4268 benorum
539 4217 693 4270 interfuisse
712 4221 798 4284 putet.
831 4220 884 4270 sed
908 4220 941 4270 ci.
963 4234 988 4271 ν.
1006 4225 1036 4271 ri
1051 4233 1109 4286 sqq.
1129 4218 1189 4278 τοὺς
1207 4235 1281 4290 γινο-

87 4299 183 4370 μένους
202 4299 250 4354 όπδ
268 4309 319 4354 τῶν
338 4301 473 4372 διαιτητῶν
496 4299 583 4372 ἡτῶν
602 4300 725 4354 δικαστῶν
745 4304 897 4374 μιρισμοίις,
923 4306 970 4357 nbi
990 4309 1139 4372 particulae
1156 4307 1281 4357 disiunc-

87 4389 160 4437 tivae
180 4401 246 4439 usus
265 4389 434 4440 demonstrat
447 4403 535 4439 meam
555 4389 688 4440 rationem
706 4391 913 4455 praeferendam
931 4405 1001 4444 esse.
1076 4398 1090 4442 6
1110 4394 1280 4456 Magistratus

85 4473 317 4525 extraordinarius
334 4487 368 4525 eo
381 4475 495 4526 consilio
507 4475 683 4536 constitutus,
703 4477 733 4524 ut
746 4477 835 4526 omnia
854 4491 923 4540 quae
943 4479 1096 4529 communis
1114 4477 1179 4528 belli
1199 4491 1280 4528 cansa

145 4573 372 4626 Dittenberger,
387 4574 483 4628 Sylloge.
1040 4585 1070 4630 29
