3110 5056
113 328 174 392 tii]
279 327 324 377 ill.
350 327 389 377 Ab
408 325 551 376 Alexandri
570 324 657 388 Magni
675 329 763 376 morte
781 322 816 372 ed
835 321 995 373 Corinthum
1014 322 1142 374 deletam.
1244 321 1308 384 273

201 534 255 610 τῆς
268 523 386 601 πόλεως
400 530 600 614 παρεδέξαντο
623 530 666 600 είς
688 525 721 592 τδ
744 527 867 614 χωρίον,
897 521 1012 612 ἀγαδῆι
1034 521 1135 612 τύχηι,
1161 521 1310 610 δεδόχθαι

138 651 189 701 100
199 633 325 706 πολίτας
347 656 379 696 τε
403 627 510 704 αὐτοὺς
532 631 624 715 sirloc}
636 631 647 718 {l
660 629 712 694 καί
735 625 881 716 ὑπάρχειν
905 626 1006 701 αὐτοῖς
1027 626 1066 694 τὰ
1081 625 1159 710 αὑτὰ
1179 620 1239 694 δσα
1257 627 1311 694 καί

204 737 265 808 τοῖς
293 729 396 807 ἀλλοις
423 736 560 807 πολίταις
583 730 722 818 ὑπάρχει,
749 731 800 796 καί
823 727 891 804 τοάς
913 755 945 796 τε
966 727 1097 818 κλήρους
1121 727 1218 798 αὑτῶν
1240 726 1310 804 τοδς

205 834 258 903 δάο
281 829 314 902 δν
336 861 369 902 τε
400 830 419 902 ὑ
444 833 514 909 δεδς
542 835 595 900 καί
622 831 721 920 σοιτήρ
739 831 890 920 Ἀντίοχος
920 833 1111 921 ἐπεχώρησαν
1135 831 1235 906 αὐτοῖς
1258 833 1311 899 καί

203 939 271 1026 περί
293 932 343 1022 old]
359 935 569 1024 ΙἊλέίανδρος
578 940 606 983 ²⁰
626 933 827 1024 γεγράφηκεν,
855 935 935 1001 είναι
958 933 1058 1010 αὐτοῖς
1082 931 1307 1016 ἀδεκατεύτους,

203 1041 256 1108 καί
289 1039 341 1107 ἐὰν
374 1042 592 1128 προςορισδῇἩ
624 1037 644 1125 ἡ
675 1035 773 1126 [χλιὺρα
800 1033 839 1125 ἣν
870 1038 991 1126 ἔχουσιν
1015 1041 1043 1104 οί
1065 1035 1207 1125 πρότερον
1229 1031 1311 1111 ὄντες

205 1149 245 1230 ἐμ
276 1142 454 1230 Μαγνησίαι
482 1141 654 1209 ιιάτοιιιοι22
686 1147 736 1227 τῆι
768 1137 855 1208 πόλει
884 1147 936 1228 πῖγι
966 1138 1122 1228 ἡμετέραν,
1143 1141 1146 1226 ί
1165 1136 1310 1227 ὑπάρχειν

208 1245 309 1320 αὑτοῖς
331 1244 400 1320 τοὺς
422 1249 501 1333 τρεῖς
523 1243 654 1332 κλήρους
663 1245 691 1290 ²³
720 1241 873 1330 διορεολν24
899 1242 951 1308 καί
972 1240 1026 1329 τὴν
1049 1239 1187 1309 ἀτέλειαν
1211 1239 1312 1316 αὐτοῖς

206 1352 305 1434 μένειν
327 1345 380 1434 τὴν
402 1355 454 1414 νδν
476 1345 684 1435 ὑπάρχουσαν·
720 1346 773 1411 καί
801 1339 869 1412 δοοι
895 1343 990 1411 αὑτῶν
1012 1347 1086 1412 εἰσιν
1116 1341 1312 1433 ἀαληροάχη-

205 1478 261 1536 τοι,
287 1453 418 1536 δοθῆναι
441 1448 541 1525 αὑτοῖς
563 1450 691 1536 νλῆροίν]
706 1450 710 1533 l
728 1445 879 1514 ίπποιὸνλὗ
905 1445 1021 1535 δωρεὰν
1043 1455 1102 1514 τῶν
1124 1449 1313 1535 παρακειμέ-

207 1579 265 1620 νων
286 1559 343 1619 τῶι
364 1553 496 1642 χωρίωι·
535 1549 682 1639 ὑπάρχειν
712 1552 746 1616 δέ
775 1551 827 1615 καί
855 1547 1005 1634 Τίροινι28
1032 1549 1098 1636 tufi]
1123 1551 1185 1624 τοῖς
1212 1551 1313 1624 πεζοῖς

207 1660 269 1730 τοῖς
296 1657 487 1742 τεταγμένοις
513 1651 570 1722 ὑπὸ
597 1653 719 1739 Τίμωνα
745 1653 806 1726 τοῖς
833 1649 1050 1741 ἀποταχδεῖσιν
1082 1650 1140 1718 ἀπὸ
1167 1657 1220 1738 τῆς
1247 1647 1313 1739 φά-

208 1763 319 1844 λαγγος
337 1761 340 1845 ί
358 1759 407 1824 ἐπί
428 1755 482 1844 τήν
505 1753 643 1845 φυλακην
664 1759 718 1822 τοῦ
739 1757 855 1841 χωρίου
877 1751 931 1840 τήν
953 1781 985 1821 τε
1006 1756 1158 1822 πολιτείαν
1186 1755 1238 1820 καί
1259 1752 1313 1840 τήν

208 1857 303 1946 αὐτὴν
326 1859 462 1928 ἀτέλειαν
484 1854 520 1946 [ἥ]
540 1859 593 1925 καί
614 1860 676 1931 τοῖς
699 1851 802 1931 ἀλλοις
825 1853 964 1944 ὑπάρχει,
990 1857 1043 1924 καί
1066 1857 1144 1924 εἶναι
1160 1854 1267 1930 αὐτοὺς
1282 1858 1314 1922 ἐν

141 1976 195 2028 105
204 1969 259 2029 τῶι
279 1965 412 2050 χωρίονι·
448 1960 593 2050 ὑπάρχειν
623 1960 656 2026 δέ
681 1958 733 2024 καί
759 1958 883 2046 Ὡμοίνει
913 1961 965 2026 καί
994 1962 1056 2034 τοῖς
1069 1960 1079 2048 Η
1094 1959 1227 2048 Πέρσαις
1253 1961 1315 2034 τοῖς

209 2061 266 2132 ὑπὸ
283 2063 418 2152 Ὤράνην
440 2065 576 2138 καὶτοῖς
600 2059 658 2130 ἀπὸ
673 2058 812 2149 Σγιάρνης
836 2059 1045 2130 ἀποσταλεῖσιν
1068 2062 1117 2128 ἐπί
1138 2060 1193 2150 τήν
1216 2065 1317 2149 φυλα-

207 2164 264 2253 ιιὴν
285 2171 339 2233 τοῦ
360 2167 486 2254 χωρίου,
513 2165 662 2232 Μενεκλεῖ
690 2165 795 2230 τεκαὶ
818 2167 879 2239 τοῖς
910 2161 957 2232 ὑπ’
988 2161 1077 2232 αὑτὸν
1107 2167 1312 2251 τασσομένοις,

209 2265 263 2355 τήν
278 2293 311 2334 τε
325 2271 493 2354 πολιτείαν]
512 2269 517 2356 Ι
536 2267 588 2334 καί
602 2262 700 2334 τάλλα
722 2263 925 2354 φιλάνθρωπα
948 2263 969 2334 ἀ
990 2268 1042 2334 καί
1060 2270 1121 2342 τοῖς
1137 2261 1240 2341 άλλοις
1255 2268 1316 2340 τοῖς

209 2375 292 2458 ἐαγ27
304 2371 483 2459 Μαγνησίας
495 2369 668 2460 ἐψήφισται,
683 2370 747 2456 alni]
756 2376 922 2456 προνοῆσαι
942 2368 992 2436 τάν
1008 2374 1102 2456 δῆμον
1116 2361 1198 2443 leo<
1215 2366 1316 2442 αὑτοῖς

209 2477 336 2541 διδῶται
363 2477 399 2540 ἐκ
428 2478 585 2562 βασιλικοῦ
607 2471 660 2558 elci]
680 2497 712 2538 τε
735 2468 911 2558 ρετρήρατο
932 2471 1043 2539 καὶτὰ
1065 2469 1182 2560 ὀψώνια
1199 2472 1203 2556 ί
1220 2465 1317 2537 τάλλα

211 2571 270 2643 ion
293 2575 398 2642 εἰώθει
421 2582 455 2644 ἐκ
479 2579 636 2664 βασιλικοῦ
659 2577 799 2640 δίδοσθαι
823 2571 939 2648 αὑτοῖς,
971 2572 1005 2640 τδ
1028 2575 1061 2641 δὲ
1084 2573 1226 2663 ψήφισμα
1248 2571 1317 2640 τάδε

211 2677 398 2766 ἀνίαγλράψαι
420 2681 462 2752 είς
483 2677 537 2754 τὰς
560 2675 670 2765 στήλας
700 2675 754 2752 τάς
784 2674 1047 2763 ἀνατεθησομένας
1074 2680 1105 2744 έν
1135 2679 1196 2752 τοῖς
1225 2678 1316 2764 ίεροῖς

211 2777 268 2847 ὑπό
290 2805 322 2847 τε
343 2785 396 2848 τοὺ
419 2777 516 2867 δήμου
538 2779 589 2847 καί
609 2777 674 2865 [ὑπὸ
688 2781 754 2864 τῶν]
770 2781 773 2864 ί
791 2782 880 2866 ἐιιγἩ
900 2779 1096 2867 Μαγνησίας·
1126 2777 1317 2868 ἀναγεγράφ-

210 2885 266 2950 δαι
288 2883 321 2949 δέ
344 2880 415 2949 αὑτὸ
436 2883 489 2948 καί
511 2887 542 2949 έν
564 2885 625 2957 τοῖς
648 2883 812 2968 δημοσίοις.

194 3077 227 3124 tt
246 3073 296 3140 ilic
313 3075 456 3138 vestigium
474 3073 663 3137 assignationis
681 3087 808 3137 agrorum
826 3074 862 3124 eb
880 3073 1030 3125 Alexandro
1049 3077 1144 3141 Magno
1163 3074 1248 3126 leche
1267 3075 1318 3126 de-

120 3157 303 3224 prehendisse
322 3158 373 3208 sibi
393 3160 466 3210 visus
492 3161 534 3208 est
551 3159 689 3222 Droyseu,
714 3158 810 3209 Gesch.
832 3159 880 3209 des
899 3159 967 3210 Hell.
988 3162 1008 3220 1,
1030 3165 1044 3209 2
1063 3175 1090 3226 p.
1111 3165 1170 3210 tet.
1208 3161 1316 3212 Rectius

121 3243 310 3306 Waddingicn
328 3245 363 3296 ed
381 3243 491 3294 titulum
512 3247 559 3293 itin
579 3243 613 3294 de
632 3244 728 3295 eodem
747 3243 914 3306 Alexandro,
938 3245 1063 3297 Antiochi
1082 3247 1106 3296 ll
1129 3246 1252 3295 ministro
1271 3247 1318 3296 aut

120 3335 241 3393 satrapa,
262 3329 401 3393 intellegit,
422 3330 469 3393 qui
487 3327 542 3400 illic
560 3343 585 3379 v.
603 3331 633 3378 ii
653 3333 703 3381 est.
785 3331 815 3378 et
839 3327 878 3380 Cl.
900 3329 970 3383 ⁴58⁵.
1043 3335 1075 3380 tt
1094 3329 1270 3402 Discepnendi
1290 3331 1317 3380 hi

121 3415 159 3465 ab
184 3417 225 3465 eis
248 3415 294 3479 qui
318 3427 398 3480 supra
426 3413 451 3465 οί
468 3411 495 3465 έν
513 3409 652 3485 Μαγνησίᾳ
673 3412 788 3466 τέτρασι
811 3419 951 3466 vocentur.
991 3417 1102 3482 Antiqui
1126 3417 1229 3467 incolae
1247 3415 1317 3466 urbe

121 3501 184 3564 ipsa
197 3487 300 3564 expulsi
313 3499 414 3550 alicubi
427 3501 453 3550 in
472 3513 537 3564 egro
550 3501 706 3551 consedisse
719 3501 854 3552 videntur.
881 3501 909 3550 Β.
982 3505 1013 3552 et
1030 3503 1141 3553 Duobus
1154 3501 1201 3566 qui
1213 3515 1240 3550 v.
1256 3503 1314 3551 tut.

123 3589 169 3634 iti
195 3585 399 3635 commemorati
417 3589 480 3634 sunt
497 3581 603 3653 κλήροις
621 3585 855 3650 Palaemeguesiae
883 3585 1031 3637 incolarum
1056 3589 1167 3638 tertium
1186 3585 1316 3636 accedere

119 3683 221 3733 ugrum
240 3671 416 3734 pristinorum
434 3670 585 3734 Magnesiae
605 3669 768 3735 incolarum,
794 3674 888 3735 itaque
912 3670 983 3722 ellici
1002 3685 1148 3724 nnmerum
1169 3671 1316 3721 ternarium

120 3756 260 3806 existimat
277 3755 393 3806 Boeekh.
423 3755 475 3806 Res
494 3755 687 3807 obscurissima
706 3759 756 3820 est,
776 3757 824 3807 sed
844 3758 938 3820 utique
950 3754 1048 3824 κλῆροι
1066 3758 1111 3807 hic
1129 3770 1183 3807 uon
1203 3758 1318 3820 possunt

123 3843 165 3902 lut
196 3840 353 3904 Droyseuus
383 3841 399 3890 l.
431 3841 450 3890 l.
483 3840 621 3900 intellexit)
659 3842 715 3904 egri
750 3842 865 3906 singulis
895 3842 1051 3893 hominihus
1082 3843 1210 3907 assignati
1245 3853 1315 3891 esse.

121 3928 156 3974 et
178 3926 217 3976 lta
236 3927 266 3974 ut
283 3927 419 3976 immunes
437 3927 500 3976 siut.
526 3925 632 3976 selden.
654 3926 771 3976 lioeclih.
870 3931 901 3978 25
920 3929 1026 3978 Sortem
1045 3928 1154 3979 maioris
1172 3939 1317 3977 mensurae

119 4023 208 4074 mam
225 4009 311 4076 pediti
330 4011 388 4061 dari
407 4010 508 4062 soleret
526 4012 737 4075 interpretentur
754 4012 876 4064 Malieiue
898 4016 925 4063 et
942 4014 1101 4064 ltoeckhius.
1193 4014 1224 4059 tt
1243 4010 1316 4070 Quae

120 4099 278 4160 sequuntur
299 4097 394 4160 copiae
424 4096 536 4146 minime
566 4096 773 4149 contundendae
798 4112 861 4149 cum
889 4099 929 4148 eis
953 4099 1091 4165 peditibus
1115 4097 1315 4162 equitibusque,

119 4193 244 4244 quorum
267 4193 347 4246 supra
367 4181 517 4232 identidem
535 4183 637 4231 mentio
656 4181 692 4232 fit.
730 4183 770 4233 llli
790 4185 942 4250 Megneeiee
965 4183 1089 4235 habitunt
1114 4181 1247 4246 (πάτοιιιοι)
1272 4185 1318 4232 eut
1424 4219 1428 4226 .

118 4279 209 4331 prope
222 4265 387 4330 Magnesiam
400 4267 428 4316 iu
440 4267 537 4316 cestris
548 4269 612 4318 sunt
627 4262 772 4335 (inculpet),
794 4269 821 4319 hi
840 4269 1074 4332 Pelaemegnesiae
1094 4269 1221 4334 praesidii
1234 4281 1316 4319 ceusu

119 4351 251 4402 collocuti
270 4355 342 4402 suut.
369 4353 398 4402 B.
471 4355 502 4401 27
523 4351 666 4417 iltrcbiqne
686 4353 794 4405 ΕΚΓΜΑ
815 4355 957 4417 Chaudler,
979 4356 1068 4406 ΕΓΜΑ
1093 4355 1121 4405 l.
1145 4352 1232 4406 ΕΚΜΑ
1251 4353 1317 4404 reli-

120 4437 181 4501 qui.
210 4435 258 4487 llle
271 4437 478 4502 scripturarum
492 4437 601 4502 quidem
621 4438 670 4488 sed
691 4451 745 4488 non
764 4439 887 4490 inaudite
908 4440 986 4504 (eth,
1007 4445 1031 4491 e.
1054 4446 1111 4504 ist,
1134 4445 1157 4491 8.
1180 4445 1239 4504 tuo,
1262 4441 1314 4503 tel.

177 4534 401 4588 nittoneerger.
417 4536 514 4589 Sylloge.
1077 4548 1108 4595 gg
