3082 5054
101 365 162 428 τοῦ]
547 366 588 416 ii'.
614 355 693 416 Asius
712 363 838 416 Romane.
1222 369 1283 432 357

103 453 258 462 ——-

146 565 450 654 ιιιίνομειτειίεσθαι19
473 567 525 653 μὲν
547 566 595 634 τὸν
618 572 670 653 τῆς
692 563 815 654 πθίλειος
840 573 1031 656 χαρακτῆρα,
1056 568 1090 634 τὸ
1113 569 1146 636 δὲ
1168 575 1285 638 λυσιτε-

190 671 241 746 λὲς
269 668 302 736 τὸ
323 667 561 758 περιχεινόμενον
584 671 617 735 ἐκ
638 675 690 756 τῆς
713 667 852 756 τοιαύτης
867 668 1011 758 προςόδου
1031 671 1035 758 Ι
1054 669 1217 758 λαμβάνειν
1236 673 1284 740 τὸν

192 777 298 860 δῆμον,
328 773 379 838 ιιαί
401 775 704 861 προχειρισαμένουῖ0
730 771 799 848 τοίις
825 771 877 860 τήν
906 775 1002 838 πίστιν
1031 771 1161 861 εὐσεβῶς
1183 802 1214 842 τε
1236 775 1286 844 καί

192 876 336 962 ίδιιιαίιυς
357 871 551 962 τηρήσοντας,
577 875 684 962 Μηνᾶς
708 876 840 964 αἱρεθείς
862 874 936 962 μετὰ
958 881 1009 942 τοῶ
1033 881 1286 966 σοναποδειχθέν-

191 1004 240 1054 τος
267 976 319 1064 τὴν
347 975 551 1064 καίθήιιουσαν
573 981 763 1066 είςηνέχκατο
793 981 984 1065 ἐπιμέλειαν,
1017 981 1047 1052 ἐξ
1076 974 1117 1046 ὧν
1147 979 1163 1046 ὁ
1192 986 1286 1068 δῆμος

192 1080 243 1148 διὰ
263 1079 317 1167 τὴν
338 1085 394 1146 τῶν
419 1078 534 1168 ἀνδρῶν
558 1079 756 1170 διξκαιοσίνην
785 1107 817 1148 τε
838 1081 890 1148 καί
912 1082 1082 1169 φιλοτιμίαν
1104 1089 1215 1170 χρῆται
1235 1091 1287 1151 τῶι

148 1203 183 1252 50
196 1187 276 1250 ίδίωι
297 1186 465 1270 νομίσματι,
492 1183 523 1250 ἔν
545 1209 577 1250 τε
598 1187 663 1259 ταῖς
686 1179 792 1259 ίίλλαις
815 1181 933 1272 σἰρίρραῖς
947 1185 999 1250 καί
1014 1187 1220 1273 λειτουργίαις,
1245 1191 1287 1262 είς

194 1282 229 1361 ἃς
251 1283 268 1352 ‘o
291 1289 384 1373 δῆμος
407 1283 496 1352 αὐτὸν
517 1289 770 1374 προκεχείρισται,
795 1286 860 1352 ἴσον
883 1285 988 1353 ἑαυτὸν
1011 1287 1062 1353 καί
1086 1288 1207 1374 δίξκαιον
1227 1316 1287 1356 πα-

195 1391 360 1478 ρείσχηται,
397 1387 575 1477 βουλόμενος
608 1394 736 1478 στοιχεῖν
769 1393 830 1464 τοῖς
858 1386 909 1477 ὑφ’
937 1393 1044 1456 ίαυτοῶ
1071 1395 1288 1478 πρασσομένοις

192 1493 244 1559 ιιαὶ
265 1490 351 1577 καίτοί
374 1492 469 1578 μηθὲν
493 1492 636 1558 ίνλείπειν
659 1497 709 1578 τῇι
737 1491 809 1579 πρὸς
830 1491 863 1559 τὸ
885 1495 1001 1580 πλῆθος
1024 1491 1145 1572 εὐνοίαι,
1172 1493 1289 1582 φυλάσ-

194 1621 256 1662 σειν
286 1595 319 1660 δὲ
348 1591 448 1681 ὀρθῶς
475 1591 526 1660 καί
552 1595 682 1678 διΙιιαίως
703 1595 756 1670 τὰς
779 1598 1019 1684 ἐνχειριζομένας
1043 1595 1137 1663 αιἰτῶι
1158 1597 1283 1674 πίστεις·

194 1696 226 1764 το’
249 1723 281 1764 τε
303 1693 440 1784 δεύτερον
461 1697 676 1784 παρακληίθεὶς
698 1693 963 1784 γυμνασιαρχῆσαι
989 1695 1144 1784 ὑπέμεινεν
1167 1705 1198 1768 ἐν
1221 1727 1290 1768 ναι-

150 1817 184 1866 55
195 1804 257 1889 ροῖς
272 1797 438 1884 δυσκόλοις,
458 1801 677 1885 τεθλειμμίνυιν
692 1797 796 1886 ἡμίῶν]
808 1799 818 1888 λλ
833 1803 862 1872 ἐξ
878 1803 949 1866 ίτῶν
964 1799 1108 1868 πλειόνων
1126 1799 1176 1868 διοί
1191 1829 1223 1869 τε
1238 1803 1290 1880 τὰς

197 1905 357 1992 Θραιιιίους
380 1899 542 1989 ἐπιδρομὰς
552 1907 578 1948 ²¹
608 1901 659 1969 καί
687 1899 754 1976 τοὺς
781 1899 973 1990 περιστάντας
995 1901 1047 1990 τὴν
1068 1905 1072 1991 Ι
1092 1901 1176 1972 πόλιν
1198 1909 1290 1974 πολέ-

194 2011 312 2094 μουςίί,
339 2009 370 2072 ἐν
393 2005 438 2079 οίς
461 2001 585 2092 ἀπήχθη
603 2005 655 2091 μὲν
683 2002 721 2072 τοί
743 2003 801 2071 ἀπὸ
824 2011 882 2072 τῶν
906 2004 1005 2094 ἀγρῶν
1027 2003 1134 2088 πάντα,
1160 2002 1290 2098 ἄσπορος

194 2111 228 2177 δὲ
248 2107 267 2196 ἡ
290 2109 422 2195 πλείΙστη
443 2105 532 2195 χῶμα
552 2109 683 2194 ἐγένετο,
716 2107 751 2174 σί
770 2106 797 2174 τ’
824 2106 1028 2195 ἐπιγενόμενοι
1049 2109 1126 2176 κατὰ
1149 2109 1181 2178 τὸ
1205 2139 1290 2180 συνε-

194 2214 247 2301 χὲς
277 2209 403 2300 ἀφορίαι
432 2215 484 2277 τοῶ
515 2212 596 2276 σίτου
626 2213 669 2283 εἰς
692 2207 827 2298 ἀπορίίαν
850 2210 927 2276 κατὰ
949 2209 1046 2278 κοινόν
1069 2237 1101 2278 τε
1122 2211 1172 2279 τὸν
1196 2219 1290 2302 δῆμον

193 2309 307 2402 ἤγαγον
330 2311 405 2380 καθ’
439 2315 516 2380 ἰδίαν
539 2339 571 2380 τε
593 2315 717 2379 ἕκαστον
740 2319 796 2378 τῶν
824 2319 971 2397 πολιτῶν,
1002 2317 1033 2381 ἐν
1057 2315 1101 2389 οἷς
1121 2317 1125 2403 1
1145 2317 1196 2382 καί
1218 2318 1290 2405 Μη-

194 2425 247 2493 νᾶς
267 2411 354 2505 (irin
374 2419 494 2491 πολλοῖς
516 2417 742 2502 τεθλειμμένσς·
771 2411 868 2482 πάντα
890 2418 923 2483 δὲ
944 2424 1038 2484 ταῦτα
1059 2423 1291 2506 παραιτησάμε-

154 2541 188 2590 ου
196 2548 256 2604 νος,
282 2527 337 2586 τῶι
358 2520 543 2607 θεμιίίρλεῖνλ*
565 2516 614 2584 τὸν
637 2521 731 2604 δῆμον
754 2515 931 2607 εὐχάριστον
955 2515 1025 2587 ὄντα
1046 2520 1098 2588 καί
1119 2527 1207 2608 τιμᾶν
1222 2523 1290 2600 τοδς

196 2621 328 2712 ἀγαθοὺς
350 2617 461 2710 ἄνδρας
483 2619 687 2708 ἐπιστάμενον,
710 2621 715 2708 λ
735 2619 895 2708 ὑπερέθετο
924 2621 1028 2689 ἑαυτὸν
1038 2627 1067 2670 ²⁵
1093 2627 1158 2699 ταῖς
1180 2651 1212 2692 τε
1235 2631 1291 2692 δα-

195 2725 304 2802 πιίναις
325 2726 376 2792 καί
397 2731 447 2812 τῆι
468 2730 571 2812 λοιπῆι
587 2724 773 2812 φιλοδοξίαι*
802 2723 944 2798 είςελθῶν
966 2723 1023 2813 γὰρ
1039 2729 1081 2801 είς
1101 2727 1106 2814 Ι
1124 2725 1177 2809 τήν
1194 2726 1290 2816 ἀρχὴν

195 2835 246 2918 τῆι
273 2832 433 2916 νουμηνίαι
460 2829 646 2894 συνετέλεσεν
676 2827 728 2912 μὲν
758 2829 866 2902 θυσίας
894 2833 949 2894 τῶι
976 2855 1009 2896 τε
1030 2826 1143 2917 Ἕρμεῖ
1167 2829 1218 2897 καί
1239 2837 1292 2898 τῶι

190 2931 351 3021 Ἡρακλίεῖ]
368 2932 374 3020 1
392 2935 453 3006 τοῖς
474 2931 705 3018 καθιδρυμένοις
727 2933 758 2996 ἐν
781 2937 833 2996 τῶι
854 2933 1020 3018 γυμνασίωι
1042 2933 1122 3008 θεοῖς
1145 2930 1218 3022 θπίρ
1239 2941 1292 3022 τῆς

196 3043 248 3102 τοῦ
271 3033 367 3122 δήμου
389 3035 441 3101 καί
462 3039 515 3121 τῆς
537 3041 595 3100 τῶν
617 3035 691 3099 νέων
715 3034 881 3122 σοιτῃίρίας,
907 3037 1077 3101 ἐπετέλεσεν
1101 3037 1134 3103 δὲ
1157 3037 1208 3104 καί
1224 3042 1292 3104 δια-

109 3193 419 3206 ——-—.—....—-

182 3301 213 3348 49
233 3295 324 3361 Polyb.
344 3296 438 3354 xviii,
459 3297 500 3357 ei,
517 3299 530 3344 7
548 3297 594 3363 τῆς
613 3289 768 3364 δωροδοκίας
787 3290 988 3363 ἐπιπολαζούσης
1006 3293 1049 3346 παὶ
1065 3299 1110 3347 τοῦ
1128 3303 1292 3368 χαρακτῆρος

107 3381 201 3435 τουτου
213 3379 424 3451 νομιστευομίνου
437 3373 497 3449 παρ’
512 3373 638 3436 Αἰτωλοῖς
651 3379 738 3429 attulit
749 3379 772 3430 J.
798 3379 890 3430 Utrum
903 3377 1090 3450 νομειτείτσθαι
1111 3384 1136 3446 (i.
1152 3397 1176 3434 ο.
1191 3385 1287 3451 νομῖτ-)

109 3470 185 3535 quod
203 3469 273 3534 lupis
290 3465 371 3518 hobei
388 3469 515 3532 corrupto
532 3467 681 3517 Sestiorum
706 3466 824 3516 sermoni
841 3479 875 3515 on
894 3479 968 3516 mero
991 3469 1076 3518 errori
1095 3467 1224 3533 lapicidae
1242 3471 1292 3520 iri-

110 3555 252 3607 buendum
270 3554 305 3604 sii
323 3567 376 3604 nou
388 3553 482 3618 liquet.
555 3555 585 3601 τυ
604 3551 642 3602 De
655 3549 811 3602 homiuibus
829 3551 897 3602 hoec
914 3566 965 3604 νοιι
978 3555 1013 3602 ite
1033 3557 1062 3603 οι
1080 3553 1212 3616 significet
1232 3553 1291 3604 ‘eii-

110 3641 182 3705 gere’
201 3639 406 3706 perfrequenter
431 3641 578 3702 usurpetur
601 3651 616 3686 o
642 3636 761 3701 Polybio,
790 3637 872 3688 veluii
891 3638 924 3698 ii,
953 3639 1001 3698 ιν,
1022 3642 1045 3688 i.
1074 3639 1116 3702 iv,
1146 3644 1186 3702 ευ,
1208 3645 1234 3689 5.
1265 3639 1289 3689 i.

110 3732 140 3776 ει
163 3724 202 3778 ci.
223 3727 318 3778 uoci.
391 3727 422 3772 ii
441 3721 549 3776 Cinci.
566 3728 589 3774 7.
662 3725 691 3771 2³
713 3723 753 3773 ΕΝ
772 3723 848 3788 lepis,
870 3723 942 3788 quod
954 3723 1106 3774 emendavi.
1177 3725 1292 3789 2iSup-

110 3813 193 3878 plevi.
211 3807 369 3878 ·ΘΕ.1.ΕΙΝ
390 3809 460 3875 lepis
477 3823 509 3860 ex
527 3810 610 3861 Curtii
633 3808 801 3868 testimonio,
828 3806 901 3872 quod
920 3809 1121 3860 accuratissime
1146 3821 1207 3859 cum
1231 3823 1291 3860 meo

110 3897 300 3964 supplemento
324 3898 464 3958 convenii,
494 3909 547 3946 oon
573 3897 636 3946 item
661 3907 724 3944 curn
749 3893 819 3943 iilius
838 3889 1006 3960 θείραπείιμιν.
1043 3894 1137 3958 Neque
1163 3895 1194 3944 iis
1213 3895 1292 3945 mulis

110 3985 212 4049 quibus
236 3981 352 4048 populus
369 3981 485 4033 sinicius
509 3985 568 4032 eret
589 3980 693 4031 mederi
720 3980 767 4043 (sic
785 3977 948 4030 vocobulum
972 3977 1190 4047 παραιτησάμενος
1208 3981 1291 4030 iuter-

112 4071 235 4134 preietur
257 4067 281 4118 J.
301 4079 451 4132 provoceris
474 4067 508 4118 ed
526 4065 619 4132 Polyb.
641 4065 684 4126 iV,
706 4067 748 4127 ⁴8,
770 4067 809 4127 ii)
834 4065 925 4116 Menoe
948 4069 1051 4129 peieret
1075 4063 1242 4115 observando
1266 4069 1293 4116 ei
1388 4129 1392 4135 Δ

111 4145 227 4206 co'ieudo
251 4153 392 4219 populum.
428 4153 514 4203 immo
532 4153 584 4204 hoc
608 4152 721 4202 dieitur:
749 4151 796 4201 His
819 4150 898 4201 melis
921 4163 1082 4200 succurrere
1105 4155 1215 4200 conatus
1240 4155 1290 4210 esi,

111 4243 174 4302 quio
191 4240 293 4290 οίασοοι
309 4241 415 4302 gratum
432 4249 491 4288 esse
510 4235 641 4302 populum
664 4238 692 4286 ei
715 4234 864 4286 honoribus
887 4235 993 4286 efficere
1011 4233 1097 4286 solere
1115 4235 1240 4286 homines
1258 4236 1291 4286 de

112 4339 142 4377 sc
172 4325 242 4376 bene
273 4325 419 4375 merenies.
455 4321 494 4373 Ci.
520 4337 545 4372 v.
567 4327 608 4384 ⁸9,
639 4321 686 4373 ubi
717 4325 744 4372 iu
775 4321 870 4373 eedem
900 4333 929 4370 re
959 4320 1056 4372 eodem
1085 4319 1168 4371 verbo
1197 4321 1290 4372 utitur.

112 4416 145 4462 τε
164 4407 325 4482 θπερτιθίναι
345 4409 500 4475 ‘superero'
524 4409 604 4474 (quod
618 4409 688 4476 apud
701 4411 801 4460 Atticos
814 4403 979 4475 ὑπερβάλλειν
998 4408 1045 4470 est)
1067 4405 1139 4472 opud
1153 4405 1292 4470 Polybium

112 4497 323 4562 frequentissum
342 4507 402 4547 esse
421 4495 526 4546 monuit
548 4493 572 4546 J.
