3084 5052
109 342 169 406 soe]
583 341 602 392 4.
629 339 680 392 llee
698 339 832 406 publicae.
1234 342 1298 404 415

109 429 575 440 ——ss--oe--a--a-

106 563 203 602 eorum
222 559 358 601 summam
376 547 577 600 dissensionem
596 549 665 598 iuter
682 549 828 613 scriptores
851 549 977 614 antiquos
1001 545 1092 600 luisse.
1131 547 1189 598 lluc
1212 547 1299 613 potis·

107 636 210 685 simum
224 637 337 700 spectat,
351 633 425 698 qnod
439 631 627 684 Phanodemoe
639 633 679 684 eis
691 633 726 684 ab
739 632 951 684 Atheniensibus
963 645 1039 684 saera
1053 631 1120 683 lacta
1133 635 1224 684 narrat
1235 628 1300 702 ὺπέρ

107 717 232 788 γενέσεως
249 715 355 770 παίδων.
384 719 509 771 lloehler.
616 723 631 768 4
655 719 834 783 dulgentem
853 723 900 770 aul
916 718 1066 785 phratriam
1084 731 1160 778 esse,
1180 717 1229 769 sed
1247 717 1299 769 boc

108 803 221 870 quidem
247 805 378 855 maiorem
401 803 620 870 probabilitatem
639 803 751 866 habers,
772 805 829 855 inre
846 801 942 856 statuit
959 803 1084 856 ltoehler.
1123 805 1231 854 Praeter
1248 803 1299 854 hos

108 895 136 941 at
152 889 308 941 scholarius
326 891 363 952 (a.
383 893 442 954 848)
469 889 606 956 phratrias
631 894 710 942 noma
732 893 795 941 sunt
813 885 934 942 Δναλίων
961 890 998 954 (C.
1020 891 1042 942 l.
1062 891 1114 940 444.
1135 890 1166 940 ll.
1187 889 1246 950 844)
1273 893 1301 942 et

109 971 314 1046 deppaqeadlnn
334 974 367 1040 (il
387 976 474 1028 llltth.
494 977 544 1028 des
561 976 636 1028 arola.
656 977 720 1028 lust.
742 977 768 1026 444
787 977 874 1028 Athen
893 977 916 1028 lt
936 975 1021 1040 (4848)
1041 989 1068 1042 p.
1084 978 1143 1027 488.

198 1247 266 1316 304
294 1253 382 1316 Basis
413 1251 529 1334 lapidis
551 1253 701 1316 Pentelici
732 1253 862 1316 inventa
885 1253 918 1316 in
940 1253 1007 1316 loeo
1030 1251 1196 1342 444αυοία44ν
1215 1253 1300 1314 inter

110 1355 292 1418 Marathona
321 1373 438 1436 pagum
467 1365 500 1418 ct
528 1375 625 1418 mare.
679 1355 761 1418 Edd.
799 1359 855 1438 Sp.
884 1357 1035 1437 Lampros
1065 1347 1243 1440 Παρνασσός
1273 1355 1299 1416 11

110 1477 144 1538 p.
163 1457 238 1519 727.
285 1458 405 1540 Lolling
427 1457 670 1541 liittbeiluugen
699 1457 758 1522 des
781 1459 1077 1541 erobaeologiscben
1101 1461 1244 1522 iustituts
1268 1459 1300 1520 in

109 1559 215 1622 Athen
239 1561 279 1622 lll
305 1559 410 1644 (4878)
437 1580 469 1642 p.
490 1561 564 1624 sel.

197 1745 419 1834 Τετρατανλεῖς1
451 1751 508 1814 τῶι
540 1743 719 1832 ΔιοΙνυάανι2
753 1743 916 1814 ἀνέθεσαν·
948 1747 953 1834 Ι
980 1748 1132 1822 Λυσανίας
1165 1745 1303 1814 Καλλίαν

198 1844 400 1936 Tptxioprictoe
422 1839 547 1937 ἧρχενθ.

169 1970 185 2018 5
612 1954 805 2040 iepononot

474 2051 657 2142 Φανόδανρος
710 2051 917 2142 Μαραθώνιος

474 2154 674 2243 Μελά[ν]ωαας
710 2155 905 2246 Τρικορόαιας

474 2261 658 2348 Φ[αι]νακλῆς
709 2259 830 2336 Olenia<

471 2361 659 2452 Ἀντικράτης
711 2363 934 2455 Προβαλίσιος4

183 2591 300 2642 Litterae
318 2589 449 2655 volgares,
469 2591 522 2642 ulei
540 2591 613 2657 qnod
631 2605 658 2642 ν.
674 2593 749 2652 4-4,
769 2604 886 2657 qnorum
905 2591 1010 2642 litterae
1028 2590 1166 2655 duplicem
1184 2590 1305 2656 reliqua·

112 2689 175 2727 rum
193 2675 408 2740 magnitudinem
426 2675 535 2737 babent,
556 2676 662 2742 aliquot
679 2677 746 2728 locis
763 2679 786 2728 44
804 2691 853 2742 pro
872 2679 893 2728 Ν
912 2676 1078 2742 insculptum
1096 2679 1146 2727 est.
1220 2680 1230 2726 4
1252 2674 1303 2727 Te·

112 2762 231 2828 trapolln
249 2761 443 2813 Marathoniam
466 2765 528 2814 ante
552 2761 647 2814 Thesei
664 2763 868 2827 synoecismum
886 2775 970 2815 unam
987 2775 1020 2814 ex
1038 2761 1184 2813 duodecim
1201 2762 1303 2814 Atticae

112 2847 269 2900 civitatibus
293 2846 376 2901 luisse
393 2848 490 2900 strabo
517 2849 554 2899 lx
581 2861 607 2914 p.
629 2851 678 2899 484
706 2847 798 2900 retert.
842 2850 937 2900 Postea
963 2862 1027 2900 varo
1054 2861 1194 2900 sacrorum
1221 2846 1303 2900 modo

113 2935 273 2984 communio
290 2933 391 2984 mansit
408 2935 479 2986 inter
496 2937 627 2998 quattuor
644 2933 705 2986 lllos
722 2947 815 3000 pagos.
918 2938 933 2984 4
951 2934 1144 2999 Antiquissima
1162 2933 1235 2999 apud
1252 2932 1303 2984 Te·

115 3019 283 3086 trapclensee
310 3021 374 3070 sunt
398 3031 475 3070 saera
495 3020 617 3072 Herculis
640 3023 668 3071 et
690 3019 832 3087 Apollinis.
870 3018 922 3071 sed
939 3019 1037 3071 Bacchi
1065 3018 1170 3070 cultum
1196 3021 1305 3084 praeter

114 3104 446 3157 hunclltnlumetiamc.
462 3106 549 3158 LAtl.
564 3107 646 3156 44884
663 3108 788 3158 testatur.
810 3107 838 3157 L.
928 3108 942 3154 8
961 3105 1069 3158 Archon
1089 3107 1131 3156 est
1149 3117 1202 3156 nou
1220 3103 1304 3156 Athe-

115 3191 262 3252 niensium,
281 3191 331 3242 sed
348 3191 591 3257 Tetrapclenslum‚
610 3193 657 3256 qui
675 3203 816 3242 sacrorum
839 3191 1066 3244 administrationi
1085 3193 1217 3256 praeerat.
1253 3189 1305 3241 ta·

115 3275 157 3326 les
179 3276 324 3328 archontes
347 3277 427 3327 etiam
452 3277 551 3340 singuli
575 3278 637 3344 pagi
660 3275 810 3338 habebant,
836 3280 867 3328 ut
884 3279 914 3330 C.
934 3279 954 3329 4.
975 3277 1006 3329 Α.
1026 3279 1050 3328 ll
1074 3281 1120 3328 584
1142 3280 1184 3328 ast
1201 3275 1304 3328 archon

114 3361 323 3424 herenensium,
344 3361 429 3426 probe
448 3362 657 3426 distinguendus
680 3362 878 3425 ademarum,
905 3363 951 3428 qui
969 3361 1095 3414 civilibus
1114 3362 1226 3426 negotiis
1244 3361 1306 3414 iun-

115 3446 237 3510 gebatur.
275 3447 303 3498 l..
324 3447 423 3500 Nescio
439 3461 474 3499 an
492 3447 527 3500 ad
545 3447 597 3500 boc
615 3449 819 3513 magistratuum
844 3461 929 3512 genus
947 3446 1088 3498 relerenda
1106 3448 1141 3498 sit
1158 3446 1247 3512 glossa
1264 3447 1306 3498 le-

115 3533 169 3584 xici
187 3532 413 3598 cantabrigiensis
430 3547 458 3600 p.
474 3537 523 3584 sta
541 3533 636 3586 Nauck
658 3531 793 3602 ἐπιδήμιος
816 3531 918 3604 ἄρχων·
940 3531 954 3585 ὁ
972 3529 1056 3601 δήμου
1074 3531 1142 3590 τινὸς
1158 3539 1210 3585 τῶν
1228 3529 1305 3602 ἕντῇ

115 3611 221 3690 Ἀττικῇ
238 3615 335 3689 ἅρχων.
405 3621 418 3668 4
437 3621 589 3672 Anticrates
601 3621 732 3686 Lysaniae
750 3619 768 3670 4.
784 3619 955 3683 propensius,
975 3619 1048 3671 idem
1067 3619 1126 3670 sine
1143 3617 1236 3680 dubio,
1256 3617 1307 3669 Ca·

118 3705 299 3770 phisophonte
322 3705 452 3757 archonte
478 3707 527 3768 lot.
549 3711 608 3766 448,
630 3709 654 3758 4.
675 3701 750 3774 88448
769 3719 794 3756 a.
814 3705 889 3768 chr.)
915 3705 1079 3756 thesmoteta
1102 3702 1153 3754 tuit
1174 3703 1210 3764 (C.
1231 3703 1251 3753 l.
1273 3705 1304 3755 G.

119 3791 177 3852 477)
199 3791 227 3840 l..
261 3791 371 3855 Propter
393 3791 543 3857 scripturae
567 3794 699 3844 rationem
724 3792 828 3856 aliquot
855 3791 997 3843 decenniis
1020 3789 1203 3854 antiquiorem
1232 3788 1306 3838 hunc

118 3877 228 3927 titulum
248 3874 330 3928 luisse
349 3889 398 3928 suo
417 3877 475 3928 iure
493 3879 588 3930 statuit
607 3879 719 3942 Lolling,
745 3879 796 3928 etsi
822 3890 892 3943 quae
916 3877 988 3929 idem
1013 3875 1048 3927 ds
1071 3887 1154 3926 cursu
1172 3873 1305 3925 bonorum

118 3961 238 4027 disputat
255 3961 416 4014 dubitationi
435 3961 549 4014 obnoxie
566 3967 640 4015 sunt.

121 4133 1305 4146 —————.———...-..-..———-——-—-—-—.

208 4251 277 4320 305
300 4256 392 4337 Lapis
414 4256 567 4319 inventus
589 4255 716 4318 Camiri.
748 4255 807 4319 Ed.
827 4256 861 4320 c.
879 4256 914 4316 T.
932 4254 1066 4316 Newton
1089 4251 1309 4314 Transactious

120 4356 153 4419 oi
173 4357 227 4420 tha
250 4359 338 4441 royal
360 4359 480 4441 society
502 4359 535 4420 ο4
555 4359 730 4422 literature
752 4359 794 4420 XI
824 4379 856 4440 p.
877 4357 938 4418 4344
968 4355 1004 4427 [J.
1029 4355 1147 4418 hiartha
1169 4355 1306 4418 Bullatin

120 4459 160 4523 de
183 4461 455 4544 correspondancc
478 4461 666 4543 Hellenique
688 4462 726 4524 lv
753 4459 858 4544 (isso)
885 4481 919 4542 p.
940 4458 1026 4542 tlt).
