3094 5074
522 381 654 433 4888888
672 385 699 432 84
715 381 887 446 Corrigenda.
1232 380 1292 442 661

116 601 187 646 essa,
207 589 256 639 sed
274 601 335 640 cum
354 587 487 639 lloehlero
509 591 537 638 84
559 584 609 638 ἀπὸ
626 583 802 656 448848844888
826 584 949 658 oppertae
966 592 993 638 et
1010 584 1087 657 μέχρι
1103 589 1149 637 τοῦ
1162 580 1295 654 ‘Enneap-

116 671 225 740 βαιῶνος
249 672 329 743 μηνὸς
349 677 395 724 888
420 669 463 724 ἐπὶ
482 667 684 742 ‘lamobdpoarcc
707 671 831 744 ἄρχοντος
854 673 889 724 88
913 673 1016 724 4848488
1041 686 1138 724 nomen
1162 673 1295 737 8888848

117 761 238 810 median
258 761 437 825 interponitur
455 759 595 811 relerenda
613 771 687 821 csse,
710 756 822 811 4888848
841 756 882 810 dni
900 751 1018 812 Καλλίου
1036 755 1160 830 ἄρχοντος
1178 772 1242 809 vero
1260 759 1294 809 ad

117 847 284 909 Sosigencm.
327 845 421 910 Neque
445 846 568 910 utrisque
586 847 759 912 praescriptis
776 847 846 897 inter
863 857 893 895 88
910 845 1015 896 collatis
1032 847 1165 897 sententia
1183 859 1242 896 mea
1260 844 1295 894 de

116 931 320 981 triumvirorum
344 931 456 996 collegio
480 933 567 982 teneri
592 934 687 995 884884.
731 933 815 982 Immo
839 931 978 996 quinarius
1002 944 1130 982 numerus
1158 929 1293 995 legitimus

117 1015 199 1067 inisse
218 1016 340 1080 videtur,
365 1017 414 1068 sed
432 1030 503 1068 unus
520 1017 597 1068 locus
614 1017 706 1068 nescio
723 1031 776 1082 qua
799 1017 833 1068 de
857 1029 937 1068 causa
961 1017 1155 1082 aliquantisper
1172 1029 1291 1068 vacasse.

184 1103 210 1152 Ρ.
227 1104 274 1152 444
294 1116 320 1152 8.
336 1105 378 1153 88.
415 1103 550 1154 Acrisium
568 1099 821 1162 concatenatione
839 1102 866 1153 a.
887 1103 996 1154 Meister
1013 1103 1080 1154 4488.
1101 1103 1150 1153 4448.
1170 1103 1292 1153 XXXVII

117 1203 143 1252 p.
166 1190 214 1236 848
238 1191 340 1238 4848488
362 1188 449 1238 allatis
473 1191 709 1253 grammaticorum
732 1187 892 1239 testimoniis
913 1189 959 1253 qui
977 1189 1101 1239 Boeotica
1119 1201 1179 1239 8888
1197 1189 1295 1239 docent

115 1270 218 1342 4488848
235 1277 262 1324 84
279 1270 374 1340 danaen,
394 1288 409 1324 a
428 1275 567 1339 88844488
586 1289 640 1326 non
658 1274 747 1326 8444884
765 1261 815 1324 8484
834 1287 909 1324 more
928 1274 1036 1325 vocales
1054 1274 1191 1326 scribendi
1210 1276 1296 1326 Boeo-

119 1363 208 1410 torum
227 1361 346 1425 proprio.

188 1445 215 1494 Ρ.
237 1448 280 1493 474
309 1459 336 1499 n.
357 1449 401 1495 484
430 1449 484 1496 not.
507 1451 530 1496 4.
567 1445 606 1496 cl.
630 1447 662 1497 4.
687 1444 813 1497 Scbaeler
837 1447 904 1498 4488.
931 1445 1014 1496 auen.
1041 1446 1174 1497 XXXVIII
1198 1460 1224 1511 p.
1245 1450 1293 1495 844

116 1531 166 1580 884
184 1543 217 1580 ex
234 1531 312 1580 titulo
330 1545 411 1596 quem
429 1533 515 1584 edidit
532 1532 560 1582 4..
575 1531 702 1597 Stephani
720 1532 831 1596 compte
849 1532 937 1583 rendu
954 1533 988 1582 de
1007 1532 1032 1582 la
1050 1532 1224 1583 commission
1243 1533 1295 1582 im-

115 1617 218 1682 periale
231 1617 440 1682 archeclogiqua
453 1631 522 1684 pour
533 1617 549 1668 l'
563 1620 648 1669 annea
663 1621 737 1668 4878.
764 1617 900 1682 Petersbg.
921 1622 987 1668 4878
1005 1632 1031 1684 p.
1047 1621 1077 1668 87
1091 1617 1293 1683 comprobatur,

116 1702 286 1753 Panrisadem
306 1703 436 1754 Leuconis
458 1703 475 1754 4.
496 1703 584 1768 quoad
601 1704 747 1769 Spartacus
771 1702 853 1754 488488
876 1706 941 1754 8848
963 1705 1050 1754 maior
1066 1704 1243 1770 Panticapaeo
1267 1705 1295 1754 et

117 1789 212 1838 maiori
232 1790 306 1852 regni
325 1789 472 1854 Bosporani
491 1791 559 1854 parti
577 1791 712 1854 praeerat,
738 1789 869 1840 archonte
886 1789 1050 1840 Theodosiae
1073 1793 1101 1840 et
1123 1803 1214 1855 regem
1232 1791 1294 1840 Sin-

116 1875 216 1925 888888
233 1877 261 1924 84
277 1873 453 1924 Thatensium
472 1872 563 1926 luisse.
601 1876 646 1926 Vs.
667 1878 697 1924 88
718 1870 890 1938 {intonuerint
908 1875 1016 1940 supplet
1028 1876 1056 1926 44.
1074 1875 1145 1926 Fubr
1163 1876 1231 1926 4488.
1245 1876 1292 1926 Itb.

118 1961 230 2012 XXXIII
248 1973 274 2025 p.
296 1962 343 2009 887
363 1961 424 2010 coll.
444 1961 522 2012 Dem.
541 1962 620 2022 XLII,
643 1965 683 2010 44.

186 2047 212 2096 Ρ.
233 2050 283 2096 888
307 2059 334 2099 n.
356 2049 404 2096 448
428 2049 483 2099 884.
505 2051 528 2095 4.
572 2048 737 2098 Soteriorum
762 2047 839 2098 ludos
863 2049 969 2112 888488,
998 2059 1059 2098 cum
1086 2047 1119 2098 ab
1136 2047 1237 2099 Aetolis
1260 2049 1294 2099 88

120 2132 320 2197 488848448888
339 2133 492 2196 transirent,
515 2145 549 2183 ex
566 2132 814 2198 quinquennalibus
831 2145 935 2184 annuos
953 2132 1037 2184 488488
1055 2145 1116 2185 8888
1134 2135 1191 2185 veri
1209 2134 1296 2184 simli-

119 2217 214 2269 limum
232 2221 273 2269 est
292 2217 338 2282 (el.
358 2231 384 2269 n.
404 2221 451 2268 444
470 2221 526 2270 not.
541 2219 576 2280 4).

186 2305 214 2356 Ρ.
235 2307 284 2354 888
304 2317 330 2354 n.
353 2309 410 2356 487.
447 2304 595 2355 4488844888
617 2307 713 2364 arcas,
739 2307 786 2369 884
804 2307 866 2370 post
884 2307 990 2370 captam
1009 2305 1156 2370 Olynthum
1175 2307 1295 2372 captivos

118 2404 133 2439 a
152 2389 273 2455 Philippo
292 2390 364 2441 donc
382 2389 460 2442 88488
478 2390 540 2440 4888
559 2389 678 2454 abduxit,
697 2404 712 2440 a
731 2391 910 2440 Demosthene
929 2391 1006 2452 XIX,
1028 2393 1155 2456 848888.
1174 2403 1295 2441 eommo-

119 2478 247 2526 moratur.
285 2475 389 2528 Nomen
414 2476 581 2526 rarissimum
599 2478 655 2536 884,
679 2489 762 2540 quare
787 2489 840 2526 nou
865 2479 974 2526 omnino
993 2475 1170 2541 improbabile
1188 2477 1296 2527 videtur

117 2561 286 2627 buncipsurn
296 2573 355 2612 esse
364 2561 616 2628 Megalopolitanum
625 2561 796 2626 damiurgum
805 2575 830 2612 v,
843 2565 873 2612 87
888 2561 968 2612 buius
978 2561 1057 2624 tiluli,
1067 2563 1294 2627 praesertimcum

117 2647 151 2698 de
169 2647 282 2697 concilio
293 2652 344 2698 τῶν
357 2644 462 2718 poploe,
484 2649 561 2699 cuius
575 2647 627 2698 hoo
645 2651 688 2697 est
705 2647 854 2710 decretum,
875 2650 964 2698 omnia
982 2661 1051 2713 quae
1068 2647 1138 2714 8888
1151 2649 1296 2712 8884848888

119 2733 216 2784 tradita
235 2737 305 2794 8884,
327 2733 362 2784 88
381 2735 437 2798 4888
456 2733 500 2784 4448
519 2736 640 2798 tempora
658 2735 746 2797 quarti
765 2747 790 2785 8.
810 2733 873 2784 Chr.
893 2733 991 2786 saeculi
1009 2733 1098 2785 media
1117 2737 1248 2800 spectant.

187 2820 213 2868 4).
229 2823 277 2869 888
297 2833 324 2869 8.
340 2822 387 2869 487
407 2831 434 2870 v.
449 2823 473 2870 8.
507 2818 632 2883 Polybius
651 2819 694 2878 IV,
716 2823 756 2879 88,
778 2822 791 2868 4
811 2833 905 2884 pacem
923 2821 995 2871 inter
1012 2819 1129 2871 Rhodios
1147 2823 1175 2870 et
1192 2821 1296 2885 Byzan-

116 2905 256 2954 44888888
275 2907 324 2954 848
343 2919 368 2959 8.
388 2905 450 2958 Chr.
471 2903 567 2957 iactam
586 2907 676 2954 narrat
693 2901 734 2956 ἐπὶ
752 2899 883 2963 Κώθωνος
901 2909 945 2957 τοῦ
958 2899 1154 2976 Καλλιγείτονος
1174 2903 1295 2975 ἱερομνη-

117 2992 256 3058 μονοῦντος
282 2989 309 3042 ta
335 2989 373 3059 τῷ
395 2985 535 3058 Βυζαντίῳ,
564 2990 612 3042 ubi
638 3003 671 3040 ex
698 2989 773 3040 444848
798 2990 850 3040 hcc
868 2985 991 3048 44448888
1015 2991 1220 3043 rescribendum
1244 2994 1292 3043 884.

117 3077 185 3128 Nam
203 3089 301 3126 nomen
320 3077 414 3141 utiquc
432 3077 505 3128 idem
524 3079 578 3137 884,
607 3089 696 3140 neque
720 3075 815 3128 dubito
837 3078 902 3142 quin
926 3077 995 3128 aden
1019 3077 1052 3128 88
1070 3077 1168 3128 eodem
1185 3077 1295 3129 homine

117 3165 232 3227 utroque
251 3162 310 3214 loco
328 3163 443 3214 dicatur.
481 3163 643 3228 Temporum
662 3165 735 3213 88848
753 3164 870 3213 rationes
888 3164 989 3228 optime
1008 3163 1150 3228 quadrant.

187 3249 212 3298 P.
228 3252 278 3298 888
297 3261 323 3298 n.
339 3252 397 3300 488.
429 3249 516 3308 08888
535 3249 682 3314 88888888
700 3249 761 3299 libri
781 3249 833 3298 mei
851 3249 956 3314 pridem
974 3251 1046 3314 typis
1064 3251 1197 3315 exscripta
1214 3253 1292 3312 esset,

116 3335 143 3382 ln
163 3333 304 3398 publicum
323 3335 422 3384 emissa
440 3339 481 3384 est
492 3333 539 3383 Tb.
556 3335 659 3399 Bergkil
674 3336 864 3385 commentatio
882 3334 916 3385 de
934 3335 986 3384 hoc
1004 3335 1080 3386 444848
1098 3335 1191 3386 Phiiol.
1212 3337 1292 3400 XLII,

117 3424 132 3468 8
152 3433 179 3484 p.
195 3423 317 3484 888888.
355 3420 427 3480 Quae
445 3421 548 3484 insigne
566 3420 638 3471 illius
656 3433 771 3470 acumen
790 3423 817 3469 et
834 3420 1029 3485 amplissimam
1047 3421 1196 3472 doctrinam
1216 3423 1295 3474 lucu-

115 3505 265 3556 lentissime
284 3509 412 3568 48848488,
437 3507 485 3557 888
504 3519 587 3571 quum
613 3506 666 3556 iam
689 3509 843 3556 88884874
868 3508 1019 3572 8888884848
1044 3520 1116 3558 8888
1136 3509 1248 3558 demum
1266 3511 1294 3559 in

115 3591 204 3641 lucem
222 3592 358 3656 88884884,
384 3593 442 3644 44884
460 3605 513 3643 888
532 3593 634 3656 884844,
660 3593 725 3656 8848
749 3591 877 3656 pleraque
901 3605 970 3656 quae
993 3592 1038 3642 bic
1060 3598 1230 3658 exponuntur
1254 3595 1296 3644 in-

117 3677 228 3729 48848848
248 3679 378 3744 temporis
396 3680 483 3744 spatio
501 3679 583 3729 etiam
601 3677 635 3727 ab
653 3677 714 3728 aliis
737 3677 923 3727 488884888488
941 3681 968 3727 84
984 3677 1086 3742 publici
1105 3679 1171 3729 iuris
1188 3679 1292 3729 tierent.

187 3764 214 3814 Ρ.
236 3767 284 3816 888
316 3779 342 3814 n.
364 3769 413 3814 888
442 3769 504 3818 88
541 3764 691 3815 ΑΞΙΟΥΒΩ
724 3775 815 3812 888888
845 3762 943 3813 lectum
973 3777 1031 3815 esse
1060 3777 1109 3829 pro
1139 3765 1295 3816 ΑΙΡΟΥΒΩ

120 3844 259 3917 44488488
272 3871 303 3894 =
318 3847 471 3920 ’4848844484
497 3851 613 3902 88848844
630 3851 658 3904 F.
678 3849 768 3912 lilass,
794 3847 880 3899 Ueber
901 3849 946 3900 die
963 3849 1133 3915 4888888888
1152 3851 1200 3901 888
1218 3852 1295 3902 Grie-

116 3935 256 3986 cbiacben.
282 3942 306 3988 8.
328 3937 397 3987 4844.
423 3937 491 3987 48884.
513 3940 579 3986 4888
603 3949 629 4000 8.
651 3939 708 3984 484.
746 3933 818 3994 0888
841 3935 997 3988 8884884888
1020 3939 1050 3988 84
1071 3940 1113 3989 884
1136 3938 1296 4002 ingeniosis·

115 4021 198 4081 sima,
220 4023 257 4071 448
276 4025 454 4073 necessariam
473 4027 529 4074 tum
553 4021 664 4072 demum
688 4020 881 4082 existimaram,
909 4021 931 4071 si
949 4025 1086 4073 constaret
1102 4036 1156 4073 non
1174 4025 1295 4088 potuisse

116 4109 143 4156 in
168 4106 257 4171 lingua
281 4109 381 4159 Punica
405 4123 464 4160 esse
486 4121 584 4160 nomen
606 4107 656 4156 viri
675 4106 749 4171 quod
767 4107 928 4158 Graecorum
954 4110 1162 4173 pronuntiationi
1186 4123 1295 4160 accom-

116 4193 256 4264 modatupn
274 4189 404 4262 ’44488888
422 4198 538 4246 sonaret.
575 4194 660 4254 Quam
679 4205 737 4242 rem
760 4192 917 4245 bominibus
936 4195 1088 4259 linguarum
1106 4195 1294 4244 Semiticarum

114 4291 184 4342 quas
202 4279 295 4330 dicunt
312 4279 486 4345 peritioribus
504 4279 705 4331 diiudicandum
724 4279 855 4345 88448888.
892 4281 925 4330 44
948 4293 1001 4330 888
1026 4280 1293 4346 praetermittendum

114 4367 171 4424 est,
190 4364 349 4416 incredibile
369 4379 427 4416 8888
447 4379 610 4430 quemquam
630 4367 762 4417 Graccum
780 4379 878 4416 nomen
902 4367 976 4430 quod
1000 4368 1041 4416 est
1059 4363 1210 4418 Hasdrubal
1228 4380 1294 4432 prc-

117 4451 256 4500 nuntiasse
264 4440 377 4518 ’484888
387 4447 454 4518 βος,
473 4452 630 4501 nominativi
641 4465 704 4502 vero
714 4445 889 4520 Ἀσδρούβας
905 4453 1060 4518 genetivum
1072 4453 1227 4504 Bucolicum
1240 4466 1293 4502 non

113 4531 273 4606 Ἀσδρούβα,
294 4537 342 4588 888
359 4531 517 4606 ’4888888488
535 4549 603 4588 8888.
