3086 5066
102 335 165 400 444]
583 335 614 386 ii.
641 333 693 385 444
711 347 814 386 sacrae.
1229 339 1292 401 535

146 537 249 622 44444444
271 539 461 626 τριοΙκυίοτᾶι
482 537 619 626 δραχμαί
640 539 878 626 ποντακιςχίλιοι
899 539 1109 626 [---·4ίκον]44
1131 537 1217 625 644444,
1242 544 1292 610 τέ-

188 667 273 730 τορες
294 637 409 728 ὀβολοί.
456 641 766 729 ἐπρίοίτο--Ι--ῂρις
790 639 920 727 Μηνίου.

101 885 232 938 eabniurn
245 887 279 936 de
292 886 425 936 eiusmodi
441 883 522 935 rebus
535 885 658 950 usurpari
672 896 725 934 nnn
739 887 779 934 est
793 869 955 948 negandum,
970 889 1059 936 tamen
1074 899 1126 938 nnn
1140 890 1290 952 putaverim

102 972 177 1024 huno
204 971 376 1022 cottactivom
408 983 502 1033 usum,
533 983 566 1020 ex
594 983 648 1036 qun
677 965 695 1037 ἡ
725 965 837 1026 πόθοδος
864 969 1078 1036 comprehendat
1106 975 1197 1024 omnia
1221 987 1291 1039 quae

102 1039 236 1108 sacerdoti
254 1055 377 1108 iacienda
395 1061 473 1119 aunt,
493 1056 624 1121 exemplis
642 1053 797 1107 confirmari
817 1069 911 1122 posse;
938 1058 1021 1108 immo
1038 1041 1162 1126 44444444
1179 1057 1290 1111 definite

101 1155 186 1194 unam
211 1155 339 1208 pompam
360 1147 407 1194 aut
432 1143 656 1208 supplicationem
682 1141 791 1192 indicat.
829 1141 906 1202 Quod
929 1146 1020 1194 antem
1043 1143 1071 1194 t..
1099 1143 1165 1196 dicit
1182 1146 1209 1195 in
1228 1159 1288 1197 mee

101 1229 324 1294 interpretatione
337 1227 435 1292 piureii
448 1224 557 1280 πόθοδοι
568 1241 637 1294 opus
656 1227 748 1288 4444444,
769 1227 796 1278 id
814 1229 973 1280 certissimis
991 1228 1124 1295 exemptis
1141 1228 1287 1282 reieiiitur:

102 1314 138 1365 44.
159 1317 220 1376 444,
241 1317 282 1364 ts.
304 1317 362 1374 444,
383 1317 408 1366 o.
445 1314 522 1364 Dent.
543 1313 639 1377 XXiii,
660 1317 719 1364 itt.
739 1313 848 1377 xxvii,
870 1317 911 1364 44.
943 1314 1035 1364 tuens
1053 1314 1100 1377 iti,
1123 1317 1165 1378 ta,
1185 1319 1213 1366 et
1231 1329 1289 1368 nra-

102 1401 173 1450 444444
189 1394 281 1468 ‘itys
308 1401 340 1450 tv
365 1413 390 1464 p.
412 1403 460 1448 444
484 1401 546 1450 4,4
573 1397 609 1455 είς
628 1395 656 1449 θλ
673 1396 720 1467 τὴν
739 1395 887 1470 ἀναγραφὴν
904 1402 952 1468 τῆς
971 1395 1067 1468 στήλης
1085 1395 1151 1452 δότω
1170 1399 1183 1453 ὁ
1202 1399 1289 1473 ἅρχων

102 1478 338 1552 ’λθείμοντοςδίοιο
351 1482 466 1557 δραχμάς
480 1483 708 1554 innitemini:
726 1481 889 1554 προςόθου
907 1491 969 1536 τῶν
986 1487 1042 1536 τοῦ
1061 1481 1140 1537 θεοῦ
1157 1485 1290 1558 χρημά-

101 1589 166 1624 των
184 1569 229 1623 aui
246 1570 282 1628 44ς
298 1569 388 1623 θυσίαν
406 1567 589 1622 namneticam
607 1567 733 1640 δροχμάς,
771 1569 865 1634 Neque
890 1585 959 1636 quae
979 1571 1007 1622 4,.
1027 1571 1121 1622 docuit
1146 1574 1180 1622 de
1198 1585 1290 1624 mense

102 1659 249 1710 4444444444
262 1657 326 1720 (not.
342 1661 381 1718 44)
396 1657 464 1706 mihi
482 1657 546 1706 hnic
565 1657 778 1722 interpretationi
797 1657 905 1708 obstare
924 1657 1058 1708 videntur.
1091 1657 1194 1724 Nempe
1212 1672 1291 1710 men-

101 1747 174 1796 sium
192 1743 347 1804 44444οοί,
367 1743 507 1806 Petagitnii
525 1745 553 1793 et
570 1741 665 1793 decern
685 1742 835 1806 primorum
855 1741 976 1808 Dionysii
1001 1743 1107 1796 dierum
1126 1743 1228 1796 reditus
1246 1757 1289 1795 as·

102 1831 248 1880 servantur
260 1831 290 1878 444
307 1827 405 1878 deinde
423 1827 552 1880 sacerdos
570 1840 665 1878 recens
684 1827 823 1878 institutus
842 1840 889 1880 eos
907 1829 1032 1892 accipiat.
1106 1833 1136 1878 44
1156 1830 1287 1896 Corcyreo

102 1914 222 1966 eundem
241 1926 362 1964 mensem
382 1912 464 1964 inisse
483 1913 579 1964 titniua
601 1913 630 1964 C.
651 1915 670 1964 i.
693 1915 723 1963 G.
753 1915 819 1963 4444
844 1915 967 1964 testatur.
1004 1913 1054 1974 Qui
1079 1915 1180 1966 mensis
1204 1929 1288 1981 quum

103 1997 248 2049 4444444444
266 2011 365 2048 nomen
383 1999 519 2064 acceperit
536 2011 552 2048 a
571 1999 632 2050 iove
652 1997 809 2060 4444444444,
829 1999 910 2050 huius
929 1997 1045 2062 cultum,
1064 1999 1288 2065 quemnemo,

103 2083 431 2148 usurpatoribus,
455 2085 495 2134 eis
519 2096 582 2134 cum
608 2085 705 2135 vicinis
723 2083 870 2136 Corinthiis
892 2087 920 2134 44
938 2083 1141 2148 Megarensibus
1165 2099 1290 2137 commn-

103 2183 167 2220 nem
192 2167 275 2220 tuisse
306 2173 425 2236 apparet.
463 2169 595 2220 Laticheti
616 2170 720 2220 monuit
742 2169 815 2236 apud
841 2170 947 2236 Papiam
971 2169 1043 2220 idern
1073 2183 1171 2222 nemen
1196 2171 1292 2223 4444444

102 2259 262 2320 corruptum
282 2256 448 2318 (4444444444)
472 2257 542 2306 44444
559 2255 748 2319 Byzantiorum
767 2268 875 2306 menses
898 2259 1004 2306 exstare
1023 2259 1131 2306 etcum
1150 2257 1291 2309 Decembri

102 2341 284 2392 Romanorum
303 2342 444 2406 compeni;
472 2353 557 2406 quare
581 2353 643 2392 cum
662 2355 711 2406 ego
731 2343 883 2406 proximum
901 2343 963 2408 post
981 2342 1139 2408 Dionysium
1158 2343 1247 2394 iocum
1265 2345 1289 2394 ei

102 2426 277 2488 tribuissem,
303 2426 426 2476 hostros
445 2439 553 2476 menses
572 2426 623 2477 hoo
641 2429 732 2492 potius
750 2428 844 2480 ordine
862 2440 891 2478 se
910 2428 1047 2494 excipere:
1072 2421 1220 2500 Μοχονεύς,
1242 2424 1292 2480 sse-

101 2510 248 2584 royrirum,
268 2507 408 2570 Διονύσιος.
447 2511 572 2563 Ceterum
592 2512 625 2564 44.
648 2516 701 2566 not.
724 2517 765 2563 44.

669 2685 1290 2698 .—.....-—-.-.—-—-.—-——

191 2819 261 2888 titi
282 2823 374 2903 Lapis
396 2841 414 2884 a
437 2822 540 2884 tribus
562 2821 708 2904 pertibus
730 2821 905 2904 inscriptus
932 2822 963 2904 [o
986 2823 1019 2884 in
1036 2823 1133 2884 latere
1149 2824 1287 2904 sinistro,

102 2927 169 2988 bin
188 2925 299 3004 444444,
324 2943 340 2988 4
363 2927 395 2986 44
419 2926 516 2988 tatere
539 2919 675 3008 dextro),
703 2925 853 2987 iuventus
875 2926 1031 3007 Erythris,
1058 2935 1160 2989 exstat
1183 2926 1291 3008 Smyr-

102 3049 162 3092 nae
193 3032 226 3092 in
256 3047 366 3092 museo
395 3030 518 3092 scholae
547 3029 757 3110 evangelicae.
805 3027 886 3092 Edd.
918 3029 1062 3090 Fontrier
1091 3037 1124 3090 et
1145 3029 1289 3110 Earinus,
1351 3061 1353 3064 ·

104 3127 256 3194 Μουσεῖον
293 3127 345 3193 καί
380 3124 560 3216 βιβλιοθήκῃ
597 3133 651 3202 τῖς
685 3131 717 3195 ἐν
751 3123 873 3217 Σμύρνῃ
906 3124 1102 3216 οόοηελικῆς
1135 3133 1248 3217 σχολῆς
1278 3134 1290 3194 1

102 3237 257 3316 Smyrnae
283 3234 376 3295 tert.
430 3235 477 3296 Ex
500 3243 613 3316 ectypo
640 3234 804 3297 chartaceo
834 3235 872 3296 Ο.
898 3235 996 3316 Rayet
1024 3235 1132 3296 4444444
1162 3237 1291 3299 4444444-

104 3339 232 3418 iogique
255 3337 378 3398 xxxiv
405 3335 510 3416 tisri)
537 3355 570 3417 p.
599 3335 658 3397 itii
682 3355 753 3417 sqq.

686 3545 706 3586 a

189 3715 206 3726 -
214 3713 346 3728 ------
354 3679 529 3763 atoni
528 3713 641 3726 -----
651 3679 656 3762 4
664 3713 773 3726 -----
790 3667 1292 3766 iuiintmua---ss-in

293 3777 500 3870 ‘Eppayoiiteose
532 3777 707 3868 Μέντοίρος,
738 3777 894 3868 ἐγγυίητλς
923 3777 1098 3868 Δημήίτριος
1124 3775 1288 3848 Ἀπολλίου.

175 4041 289 4092 Litterae
308 4041 432 4104 volgares
448 4044 557 4106 praeter
578 4041 632 4093 ΞΖ.
670 4041 759 4092 Medio
782 4039 837 4092 iere
861 4040 970 4093 saecuto
993 4041 1099 4093 4.(1444.
1128 4041 1205 4093 tertio
1224 4041 1292 4090 inei·

103 4140 166 4179 sum
186 4126 289 4177 iudicat
306 4125 335 4177 44.
372 4126 532 4178 accuratius
550 4131 666 4180 aetatem
684 4127 801 4179 ducrum
820 4129 894 4178 44444
912 4128 957 4192 qui
977 4127 1022 4178 hio
1040 4129 1215 4178 recensentur
1232 4125 1292 4177 hie·

104 4225 280 4278 ropoeorum,
302 4211 488 4278 Hegesagoraa
509 4215 544 4276 [r.
567 4215 624 4276 444)
645 4215 673 4263 44
690 4215 812 4278 spatarii
833 4214 868 4277 (ν.
890 4215 932 4265 44.
954 4215 997 4276 44)
1021 4212 1131 4264 definivi
1150 4211 1220 4262 444444
1241 4215 1290 4261 444

104 4311 167 4365 ope,
188 4311 221 4349 ex
239 4311 294 4364 qno
313 4301 426 4364 apparet
443 4311 491 4350 eos
509 4299 603 4365 paucis
621 4303 682 4363 post
699 4301 748 4348 444
766 4313 791 4350 a.
805 4298 866 4353 Chr.
879 4299 958 4350 annis
976 4300 1003 4349 in
1023 4299 1180 4363 magistratu
1197 4295 1289 4351 tuisse.

104 4383 145 4436 Gi.
168 4384 283 4436 tiermes
300 4385 349 4435 XV
366 4399 393 4450 p.
409 4389 468 4436 444.
542 4389 552 4434 4
576 4393 736 4436 ...totu-n
811 4388 826 4435 4
845 4385 892 4435 Dei
904 4385 1029 4446 alicuius,
1049 4385 1126 4435 cuins
1140 4397 1217 4435 sacra
1231 4397 1292 4434 ora-

104 4469 161 4520 4444
181 4469 303 4536 Delphici
325 4472 402 4522 iussn
427 4471 547 4522 instituta
573 4475 645 4521 sunt.
684 4471 766 4521 Cuius
790 4471 896 4534 generis
919 4483 982 4522 cum
1007 4470 1145 4536 comptum
1169 4469 1289 4536 exempta
