3138 5050
136 311 217 376 -tt]
423 311 443 363 i.
476 311 563 378 Usque
582 312 616 363 ed
635 310 717 362 tinem
734 310 799 363 beili
818 310 1048 377 Peloponnesiaci.
1289 309 1325 372 24

184 517 344 584 αοέστέλιι
365 517 472 582 λιθίνα
494 513 546 581 καλ
568 515 746 602 adiuratione
768 519 799 590 ἐς
821 511 906 582 πόλιν
929 517 1030 580 τέλεσι
1051 517 1112 588 τοῖς
1135 513 1323 598 Χαλκιδέξον,

227 621 260 684 ἐν
283 619 317 684 δὲ
339 617 471 684 Χαλκίδι
492 618 524 684 ἐν
546 624 593 684 τοι
607 614 701 707 ‘nepot'
722 625 755 684 sd
772 616 841 692 Διίς
863 624 896 684 εὖ
916 615 1086 704 ΙὊλοριιίο
1102 613 1134 683 ‘e
1152 617 1223 703 βολὲ
1238 615 1329 683 Χαλ-

226 723 326 788 κιδέον
359 714 590 810 ἀναγρᾶφσασὴα
622 722 782 788 noradino.
814 759 858 770 ·-
890 719 993 786 Τοιῦτοι
1033 720 1086 806 μὲν
1121 721 1329 808 φσιρίσαοθοιι

183 823 471 910 θσΧαλὴκὴιδεῦσιν·
496 821 534 890 ’τὰ
556 823 590 889 δὲ
606 819 691 911 ἰερὰ
718 821 756 890 τὰ
783 825 817 888 ἐκ
842 829 891 890 τῖον
920 821 1061 912 χρεσρὴβν
1078 819 1168 910 “οπὲρ
1197 817 1327 909 Εὖβοίας

227 929 320 996 θῦσαι
341 953 374 1002 ος
395 925 523 1016 τάχιστα
546 923 640 1014 periit]
657 923 829 1014 Ἱεροκλέος
841 929 865 971 ¹⁸
887 931 954 1013 τρῖς
970 919 1090 1014 ἄνδρας,
1110 922 1160 999 <ὸς
1175 919 1211 991 ἂν
1227 927 1328 992 έλιται

225 1028 282 1117 [iii
303 1031 374 1118 βολὲ
396 1034 471 1119 cpia
495 1031 601 1099 αύτὸν.
621 1026 709 1104 ’όπος
732 1027 763 1095 δ’
791 1024 827 1095 ἂν
843 1025 970 1117 τάχιοτα
984 1029 1089 1114 cottiis,
1109 1025 1157 1094 ‘ot
1171 1028 1327 1115 στρατεγοὶ

228 1131 479 1220 σονεπιμελόοθον
501 1135 553 1200 sni
575 1129 616 1218 τὴὸ
639 1130 781 1220 ἀργύριον
804 1135 836 1206 ἐς
857 1139 951 1198 ταῦτα
971 1127 1182 1219 [πὴαριχόντον.

183 1254 217 1304 io
309 1235 539 1325 Ἀρχέστρατοὴς]
552 1235 632 1302 εἶπε·
646 1239 670 1282 ¹⁰
684 1233 736 1320 ἡὰ]
751 1235 803 1321 μὲν
826 1227 906 1301 ἄλλο
921 1231 1060 1322 καθάπερ
1074 1231 1254 1320 [Attonitis
1273 1231 1327 1308 τὰς

225 1340 274 1427 [iii
296 1335 425 1413 εὐθύνας
433 1341 461 1386 ²⁰
475 1337 676 1424 Χολιιιδεῖὴσλ
691 1335 777 1424 aurii
794 1343 869 1426 σφὸν
886 1338 975 1404 uicis
991 1332 1059 1404 ἔναι
1074 1341 1105 1404 ἐν
1121 1335 1254 1402 Χαλκίδι
1269 1362 1326 1402 κα-

226 1439 325 1531 θάπερ
337 1439 494 1536 Ἄθξένιριν
507 1437 682 1520 Ἀθαναίοις,
705 1439 778 1506 πλὲν
794 1446 886 1530 pupis
901 1439 953 1506 καλ
976 1437 1098 1524 heudino
1120 1437 1171 1506 unt
1186 1436 1324 1524 ἀτιμίας·

182 1564 216 1613 75
225 1547 294 1633 περὶ
317 1545 351 1610 δὲ
372 1541 474 1612 τούτοιν
496 1545 600 1633 ἔρισιν
611 1548 637 1591 ²¹
660 1537 737 1630 {sniis
754 1539 897 1616 Ἀθέναζε
926 1545 957 1618 ἐς
986 1543 1035 1610 τὲν
1065 1545 1183 1609 ελιοιίαν
1205 1543 1253 1608 τὲν
1276 1547 1326 1608 riv

225 1648 453 1735 hecpoiileriv²²
474 1645 551 1714 κατὰ
573 1645 606 1714 τὸ
634 1647 791 1736 φοέφισμα
818 1651 850 1712 ri
882 1649 1008 1734 δέρο.28
1037 1643 1159 1733 crepidi
1183 1647 1327 1734 potienti<

227 1749 358 1840 Εὐβοίας
386 1747 435 1824 τὸς
464 1747 628 1838 στρατηγὸς
665 1750 873 1836 ἐπιρελέσὴθαι
895 1745 944 1824 ὀς
975 1745 1011 1816 ἂν
1039 1745 1177 1817 δόνονεαι
1205 1741 1321 1835 ἄριστα,

217 1851 308 1928 ‘onoc
330 1849 365 1920 ἂν
387 1853 463 1940 ἔχεὴι
477 1849 526 1927 ὀς
552 1853 688 1941 βέλτιστα
706 1851 883 1928 Ἀθαναίοις.

181 1974 215 2024 w
594 1951 862 2043 (όρκοςἈ

208 2186 239 2232 48
257 2177 436 2252 χρησμολόγος
454 2181 499 2232 hic
517 2179 567 2231 tuit
586 2179 707 2246 (Eupolis
720 2179 751 2232 ir.
767 2185 817 2230 444
831 2179 901 2230 Κοολι
922 2181 932 2230 Ι
950 2191 977 2244 p.
993 2182 1042 2228 oto
1056 2174 1198 2248 Ἰιρόιιλεις
1214 2177 1327 2247 βέλτιστε

136 2263 302 2339 χρησμῳδῶν
314 2262 396 2330 daath
408 2268 454 2332 qui
464 2279 527 2318 cum
536 2265 609 2331 apud
619 2267 698 2318 Arist.
709 2267 769 2319 Pac.
779 2268 843 2316 toto
855 2261 868 2316 ὁ
877 2262 1058 2336 χρησμολόγος
1067 2260 1112 2326 οὑξ
1122 2255 1213 2333 Ὠρεοῦ
1222 2265 1325 2325 audiat,

136 2353 255 2404 iioehler
268 2352 390 2412 coniecit,
410 2365 473 2403 eum
491 2355 552 2417 post
564 2349 703 2402 Euboeam
717 2352 847 2403 domitam
860 2353 970 2416 propter
982 2349 1088 2400 ieiicem
1101 2351 1325 2402 vaticinationum

136 2442 267 2490 eventum
280 2435 395 2488 tundnm
408 2437 435 2486 in
449 2436 494 2486 iiie
505 2435 574 2488 urbe
588 2415 742 2488 mercedem
760 2437 907 2502 accepisse.
990 2439 1022 2486 to
1040 2435 1227 2488 Archestratus
1240 2437 1326 2501 Lyco·

136 2525 226 2577 medis
244 2522 261 2574 i.
282 2526 391 2588 praetor
404 2521 606 2573 Atheniensium
623 2534 694 2573 anno
714 2525 762 2572 444
775 2537 799 2574 s.
814 2521 876 2573 Chr.
891 2525 1122 2573 commemoratur
1139 2522 1325 2588 eThucydide

137 2613 148 2663 1
168 2615 212 2661 iii.
238 2607 415 2660 Kamenudis.
487 2611 519 2656 4ο
533 2609 637 2658 Poenas
655 2605 806 2672 significare
825 2607 895 2658 hauc
912 2619 1017 2668 vocem,
1038 2610 1068 2658 ut
1085 2602 1199 2659 sitisses
1218 2611 1323 2675 punire,

137 2697 246 2749 monuit
273 2708 298 2743 v.
324 2691 697 2744 Wiiamowitz·iidiiendori
719 2692 914 2756 Philologische
933 2692 1172 2759 Untersuchungen
1196 2697 1207 2746 1
1232 2709 1258 2761 p.
1280 2699 1322 2747 84.

136 2787 166 2832 44
190 2781 260 2833 Cum
273 2779 398 2831 Chaicide
416 2778 450 2828 de
469 2778 603 2829 eiusmodi
621 2790 703 2830 causa
719 2779 868 2829 iudicatum
881 2782 949 2842 erat,
970 2777 1069 2829 licebat
1085 2792 1142 2830 rem
1154 2781 1273 2832 Athenas
1292 2782 1326 2833 ad

137 2867 271 2918 iudicium
290 2865 466 2915 heliasiarum
485 2865 601 2926 reicere;
629 2864 753 2923 iioehisr,
777 2863 899 2928 Foucart,
926 2863 1047 2915 Friniei.
1085 2865 1170 2916 Aliter
1193 2866 1326 2918 Wiismo·

135 2953 200 3004 witz
220 2951 238 3002 l.
259 2950 278 3001 1.
361 2951 392 2999 44
412 2948 447 3002 ci.
467 2949 574 3015 Antiph.
593 2949 636 3010 Vi,
659 2953 687 2998 44
711 2945 871 3020 Φιλοκράτης
889 2943 976 3001 οὑτοσὶ
993 2947 1089 3018 ἀναβὰς
1107 2947 1143 3007 εἰς
1160 2949 1207 3019 rip
1225 2949 1326 3020 ἡλιαίαν

134 3036 227 3100 (codd.
241 3031 364 3104 ἡλιαιιὴν,
384 3047 438 3084 em.
453 3032 556 3098 Tayior)
574 3033 621 3104 τὴν
632 3041 684 3086 τῶν
698 3031 872 3102 θισροθετῶν,
892 3034 925 3105 τῇ
943 3031 1029 3104 ἡμέρα
1045 3023 1165 3105 fidncia
1183 3033 1323 3106 ἐξεφέρετο,

136 3122 177 3174 ὅτι
189 3118 302 3191 ἀδελφὸν
321 3116 398 3171 αὑτοῦ
416 3115 593 3187 ἀποκτείναιμι
611 3117 637 3172 ἐν
661 3119 700 3189 τῷ
711 3120 792 3192 χορῷ,
818 3118 953 3191 φάρμακον
972 3117 1116 3190 ἀναγκάσας
1140 3124 1215 3174 πιεῖν.
1236 3121 1325 3193 ἐπειδὴ

137 3207 167 3260 ii
180 3204 255 3264 οὗτος
272 3201 345 3256 ταῦτ’
366 3203 461 3275 ἔλεγεν,
480 3202 576 3274 ἀναβὰς
593 3204 644 3276 ἐγὼ
656 3205 739 3264 etech
752 3203 969 3276 διιοστὴριον
985 3209 1040 3262 τοῖς
1052 3202 1139 3264 αὐτοῖς
1152 3204 1326 3268 δικασταῖς

133 3291 210 3353 ἔλεξα
227 3306 287 3357 sqq.
332 3289 410 3342 Recte
433 3292 544 3357 quidem
570 3305 603 3344 ex
626 3293 668 3342 his
691 3291 863 3357 Antiphontis
886 3289 976 3341 verbis
999 3291 1223 3346 Witamowitzins
1241 3309 1267 3360 p.
1293 3300 1324 3346 tt

132 3379 244 3441 collegit
257 3377 370 3426 iocum
382 3375 536 3440 significari,
556 3381 582 3428 at
595 3377 689 3428 eadem
704 3375 788 3428 verba
800 3389 864 3426 eum
877 3375 965 3428 iocum
979 3390 1031 3426 non
1045 3373 1214 3444 θεομολέοιον
1234 3379 1325 3444 inisse,

137 3464 186 3516 sed
205 3459 378 3530 λιιιοοτὴριον,
398 3462 424 3511 in
444 3474 499 3524 quo
517 3461 577 3513 lites
601 3475 649 3513 eae
668 3461 887 3514 diiudicabentur
909 3463 1009 3528 quibus
1032 3463 1229 3516 thesmothetae
1247 3480 1327 3532 proe-

135 3553 238 3608 essent,
259 3547 474 3598 luculentissime
492 3546 688 3599 demonstrant.
724 3549 803 3609 Quod
821 3546 980 3618 disserimus
998 3561 1061 3600 cum
1079 3545 1241 3620 trcpoteotp
1260 3566 1327 3605 con-

136 3637 262 3687 iunctum
281 3631 365 3683 inisse
382 3631 500 3697 sumpsit
518 3631 570 3693 W.,
592 3646 645 3684 non
664 3632 799 3699 probavit.
828 3633 915 3693 Quare
934 3646 987 3682 non
1005 3637 1046 3685 est
1063 3647 1114 3686 cur
1131 3649 1270 3702 negemus,
1291 3640 1325 3691 de

136 3719 246 3772 indiciis
259 3717 406 3769 heliesticis
417 3716 517 3782 quihus
531 3717 726 3770 thesmuthetec
739 3718 912 3785 praesideant
925 3719 968 3769 hic
979 3719 1061 3770 verba
1075 3719 1144 3772 fleri.
1216 3727 1247 3773 44
1263 3725 1328 3786 ,ite-

137 3806 220 3871 nique
243 3803 317 3869 quod
336 3804 363 3852 in
381 3815 467 3853 vacua
486 3803 582 3870 tepidis
600 3809 676 3870 parte
695 3805 737 3856 his
754 3805 887 3855 subicitur
904 3804 1092 3868 grandioribus
1117 3807 1212 3858 titteris
1231 3822 1328 3861 exero·

136 3892 194 3942 tam
213 3889 377 3941 vocabulum
395 3886 482 3958 ὅρκος,
502 3889 677 3941 iurisiurandi
697 3891 724 3942 id
742 3889 874 3941 iormniae
892 3889 951 3940 loco
969 3894 1022 3950 est,
1042 3905 1113 3956 quae
1132 3905 1186 3944 una
1201 3907 1263 3944 cum
1276 3895 1327 3946 dc·

138 3979 213 4026 creto
231 3975 315 4041 lepidi
333 3977 364 4025 ut
381 3975 546 4027 incideretur
564 3990 643 4042 supra
663 3990 690 4028 v.
711 3981 742 4027 ti
762 3989 803 4040 sq.
823 3977 999 4041 praeceptum
1017 3977 1067 4028 est.
1094 3979 1177 4030 Cuius
1195 3979 1326 4034 iormuiae

137 4061 277 4126 cumipse
297 4051 676 4126 verbeomniainitiogoeti
699 4063 835 4126 rogatione
862 4062 914 4111 iem
938 4063 1086 4127 perscripta
1109 4069 1212 4126 essent,
1238 4067 1326 4119 scriba

137 4159 169 4197 aa
187 4147 285 4198 iterare
303 4146 348 4196 hic
366 4145 460 4206 noluit,
481 4147 589 4198 titulum
608 4150 732 4214 posuisse
751 4150 816 4199 setis
835 4145 956 4198 habuit‘.
993 4147 1140 4200 Kirchhoii.

727 4301 778 4311 -—

228 4415 269 4484 ll
293 4419 382 4482 Besis
404 4423 569 4484 marmoris
592 4423 743 4485 Pentelici
765 4443 783 4486 a
807 4421 920 4486 dextre
941 4433 1031 4504 parte
1055 4424 1167 4502 fracte,
1194 4426 1234 4488 ed
1254 4429 1328 4490 Pro-
