3086 5066
105 319 166 384 sss]
580 318 611 368 ll.
638 316 688 368 lies
706 329 807 368 sacrae.
1222 317 1284 381 567

106 405 261 416 --—-

194 519 263 588 388
285 523 403 585 Tabula
419 521 544 604 lapidea
567 521 665 584 fracta
687 523 720 584 in
743 521 822 585 duas
843 531 961 603 partes.
993 525 1124 586 Maxima
1146 545 1221 606 pars
1243 528 1285 588 ti-

106 627 166 690 tuli
201 625 242 706 (v.
270 625 417 709 t—llo)
443 627 475 688 in
498 626 609 705 ironte,
635 626 759 706 reliqua
782 627 815 688 in
837 626 934 688 latere
957 625 1079 688 dextro.
1131 630 1283 694 inventus

106 729 189 810 lapis
211 747 310 810 prope
332 729 438 792 vicum
453 730 666 792 Konstuotiooi
685 730 781 791 situm
797 729 830 790 in
845 729 963 790 vicinia
976 727 1136 792 Andaniae
1152 734 1281 796 veteris.

107 833 169 893 Ter
198 831 298 894 edidit
320 832 533 907 Kumanudis,
570 833 660 894 cuius
687 833 868 913 exemplum
901 831 1030 894 tertium
1061 835 1209 914 repetivit
1242 838 1279 898 ii.

107 936 236 1016 Sauppe
269 935 326 997 Die
355 933 667 1015 llysterieninscbrilt
704 953 765 996 von
798 931 957 1016 Andania,
994 936 1158 1017 Gottingae
1186 938 1280 1020 isso,

108 1057 181 1099 oum
204 1038 425 1099 commentario
446 1035 607 1100 doetrinae
637 1037 742 1116 pleno.
788 1034 904 1116 Lapide
926 1036 1029 1100 denuo
1052 1041 1230 1106 examinato
1252 1053 1285 1106 et

107 1141 231 1221 ectypis
245 1140 415 1202 chartaceis
431 1139 580 1202 coniectis
602 1139 741 1201 omnium
764 1139 996 1202 accuratissime
1011 1141 1138 1203 titulum
1153 1161 1285 1226 expres-

107 1245 150 1306 sit
172 1243 206 1305 P.
231 1243 363 1305 Foucart
384 1241 425 1304 ad
446 1241 568 1304 Lebasii
590 1243 688 1306 lnscr.
714 1243 740 1302 ll
763 1242 866 1304 3260.

193 1426 292 1513 [ssepi
317 1429 425 1514 isiciis
447 1427 512 1492 aci
536 1429 654 1514 ἱερᾶν.
681 1423 923 1515 Ὁγραμματεός
944 1434 1002 1493 τῶν
1026 1430 1195 1516 σννέδριινῖ
1216 1429 1284 1508 τούς

193 1531 373 1618 γενηθέντας
403 1527 500 1617 ἱεροὺς
522 1525 666 1617 ὃριιιξάτιν
687 1535 892 1620 παραχρῆμα,
924 1525 967 1616 ἂμ
989 1526 1030 1617 μή
1052 1555 1096 1604 τις
1117 1529 1280 1620 ippodes,

196 1635 312 1720 Μερῶν
334 1627 518 1718 κιίιομένων,
551 1630 628 1718 αἷμα
649 1632 702 1698 καὶ
724 1631 802 1698 οἶνον
826 1635 1021 1716 σπένδοντας,
1051 1629 1101 1700 τὸν
1123 1626 1211 1722 ’ὁρκον
1233 1634 1283 1703 τὸν

194 1731 473 1823 ἶιπονεγραμμένον·
496 1730 612 1820 Ὀμνόω
626 1731 695 1808 τοὺς
710 1731 809 1813 θεούς,
836 1735 880 1808 οἷς
895 1733 932 1800 τὰ
948 1731 1095 1823 μυστήρια
1117 1738 1284 1824 datdeiieb-

193 1845 275 1920 titt³,
301 1839 472 1924 ἐπιμέλειαν
495 1839 581 1919 ἕξειν,
605 1829 687 1911 ’ὅπως
708 1837 825 1923 γίνηται
846 1833 884 1903 τὰ
905 1835 982 1904 κατὰ
1003 1835 1055 1904 τὰν
1076 1837 1197 1906 sciendo
1212 1843 1285 1908 beo-

192 1946 309 2028 πρεπῶς
338 1940 390 2006 καὶ
417 1936 476 2006 ἀπὸ
496 1937 605 2015 παντὸς
633 1945 685 2005 τοῦ
714 1941 849 2020 δικαίου,
880 1940 932 2005 καὶ
955 1938 1030 2028 μήτε
1052 1937 1165 2028 obstipa
1188 1945 1283 2031 μηθὲν

176 2199 291 2250 Litterae
303 2197 493 2256 classim:
514 2199 652 2249 hastarum
669 2198 738 2249 flues
755 2197 882 2250 tenuibus
900 2198 1006 2250 lineolis
1025 2201 1187 2253 transversis
1204 2217 1285 2255 orna-

107 2293 149 2338 tas
167 2298 228 2337 esse
244 2287 359 2336 testatur
377 2285 534 2336 Foucartus.
570 2285 609 2335 De
633 2288 718 2336 aetate
737 2285 807 2336 tituli
824 2283 858 2336 cl.
878 2286 932 2336 not.
954 2288 978 2338 t.
1068 2287 1131 2337 tin
1148 2291 1284 2354 mysteriis

106 2373 213 2425 Cereris
240 2373 268 2422 et
284 2371 458 2435 Proserpinae
482 2383 551 2435 quae
575 2383 659 2436 prope
676 2370 827 2422 Andaniam
849 2369 951 2421 flebant
971 2370 1014 2436 (ci.
1033 2375 1088 2422 not.
1109 2375 1133 2436 i)
1153 2374 1285 2427 adminis-

106 2457 211 2508 trandis
223 2457 369 2507 maximam
380 2457 485 2520 partem
503 2467 598 2506 eorum
617 2455 700 2507 luisse
717 2457 764 2520 qui
783 2452 845 2525 ἱεροί
862 2457 889 2506 et
902 2451 965 2526 ἱεραί
976 2456 1098 2520 audiunt,
1119 2461 1190 2511 totus
1201 2460 1283 2512 buius

107 2543 180 2595 tituli
198 2547 275 2593 tenor
292 2541 382 2597 docet.
417 2542 506 2592 Aunul
525 2543 609 2604 amnt,
629 2543 701 2593 sorte
720 2543 794 2593 ducti
819 2542 855 2592 ita
878 2543 909 2592 ut
926 2543 1017 2593 certus
1035 2555 1068 2592 ex
1085 2557 1192 2609 quaque
1209 2546 1283 2598 tribu

105 2641 238 2680 numerus
250 2629 402 2692 caperetur,
422 2639 510 2692 neque
522 2639 587 2678 vero
600 2640 632 2678 ex
649 2629 723 2678 omni
740 2627 842 2677 civium
859 2639 966 2690 genere,
987 2627 1036 2678 sed
1053 2641 1087 2679 ex
1104 2628 1283 2683 nobilioribus

107 2718 143 2779 (ν.
164 2715 235 2776 tet).
272 2713 333 2764 Non
356 2712 512 2764 sacerdotes
538 2716 616 2774 sunt,
645 2713 708 2774 sed,
737 2711 953 2778 praesidentibus
975 2712 1137 2766 decemviris
1155 2715 1218 2778 (not.
1239 2720 1281 2780 st)

105 2801 140 2852 ds
166 2799 251 2851 moris
277 2796 439 2864 peragendis
467 2797 618 2850 decernunt
644 2801 671 2850 et
693 2801 789 2848 cavent
813 2799 845 2848 ut
868 2798 959 2848 omnia
982 2802 1055 2850 recte
1080 2803 1108 2850 et
1132 2803 1283 2854 secundum

104 2887 179 2951 leges
196 2883 269 2935 liant
305 2885 377 2935 Voce
397 2880 461 2952 ἱεραί
482 2883 575 2949 paullo
598 2885 793 2935 inconstantius
816 2883 903 2934 utitur
919 2883 975 2948 lex,
1001 2897 1065 2936 nam
1088 2885 1169 2936 modo
1186 2893 1284 2952 nuptas

105 2971 235 3022 mulieres
252 2969 325 3022 solas
344 2971 409 3034 (not.
431 2974 455 3020 t.
477 2971 517 3022 ii.
540 2972 581 3032 tt)
601 2967 740 3034 significat,
761 2968 842 3019 modo
859 2969 1006 3034 utrumque
1023 2983 1117 3034 genus,
1136 2974 1164 3021 et
1181 2977 1284 3024 matro-

105 3069 203 3108 narum
221 3059 249 3107 ct
266 3055 409 3119 virgirmm,
429 3053 646 3120 comprehendit.
740 3057 755 3103 Ξ
776 3053 808 3104 tlt
825 3055 853 3104 iu
871 3054 964 3106 multis
981 3055 1042 3106 aliis
1059 3057 1226 3118 civitatibus,
1247 3061 1285 3110 ita

105 3143 244 3195 Andaniae
262 3143 400 3192 senatores
418 3137 544 3207 συνέδρων
562 3141 671 3192 nomine
688 3140 842 3192 utebantur.
879 3140 906 3191 S.
984 3140 1057 3192 tEx
1073 3155 1099 3192 ν.
1120 3145 1162 3192 tt.
1182 3145 1215 3192 et
1234 3143 1284 3195 bos

106 3226 302 3292 intellegendos
320 3239 380 3277 esse
399 3225 538 3290 Cererem,
558 3227 679 3290 Hagnam
700 3227 726 3290 (i.
746 3239 770 3276 e.
791 3225 1002 3290 Pmeerpinam)‚
1021 3227 1194 3290 Mercurium,
1213 3229 1284 3280 Deos

105 3326 235 3379 mumius,
260 3311 411 3377 Apollinem
435 3312 569 3363 Carneum
594 3312 652 3363 iure
677 3311 828 3376 collegiis.
865 3312 952 3375 Atque
970 3313 1156 3376 antiquissima
1173 3315 1284 3378 quidem

105 3399 245 3451 Andauiee
269 3397 374 3450 Cereris
398 3399 425 3447 et
446 3397 622 3462 Proserpinae
646 3397 774 3460 mysteria
796 3395 895 3459 luisse,
923 3397 1024 3462 quippe
1048 3410 1118 3461 quae
1142 3399 1197 3448 iam
1220 3403 1283 3450 ante

105 3485 279 3536 Doriensium
307 3482 519 3534 dominationem
545 3482 669 3542 luissent,
694 3495 759 3534 cum
782 3481 843 3532 allis
866 3481 1014 3534 decausis
1037 3484 1094 3534 veri
1117 3483 1207 3534 simile
1231 3488 1282 3546 eet,

106 3574 168 3622 tum
186 3572 294 3635 propter
310 3569 458 3619 Pausaniae
476 3569 520 3632 iv,
541 3572 583 3630 tt,
605 3572 619 3618 ⁵
638 3567 832 3618 testimonium.
867 3567 900 3617 At
917 3577 966 3616 sua
983 3569 1070 3617 aetate
1088 3579 1122 3617 ex
1139 3569 1197 3633 ipsa
1216 3568 1284 3620 urbe

104 3655 227 3706 Andania
246 3655 274 3704 in
293 3653 383 3705 lucum
399 3653 531 3718 Apollinis
554 3653 650 3704 carnei
667 3651 796 3702 translata
819 3649 902 3702 luisse
920 3664 997 3702 sacra
1014 3651 1087 3702 idem
1105 3651 1204 3716 relsrt,
1229 3667 1284 3718 quo

106 3743 135 3792 in
160 3739 274 3792 delubro
292 3740 415 3789 omnium
432 3751 502 3802 quae
519 3738 565 3790 bic
582 3740 777 3789 enumerantur
794 3736 909 3787 deorum
927 3736 1072 3788 simulacra
1089 3741 1285 3790 commemorat

105 3827 216 3892 praeter
238 3821 314 3882 θεοὺς
331 3819 483 3894 Μεγάλους,
503 3825 538 3876 de
556 3823 657 3890 quibus
675 3837 700 3873 ν.
721 3825 775 3872 not.
796 3825 839 3872 it.
866 3822 929 3872 Post
946 3821 1017 3873 bella
1034 3823 1201 3874 Messeniaca
1219 3823 1286 3875 baec

106 3923 185 3962 sacra
203 3909 307 3975 aliquot
323 3909 442 3960 saeculis
459 3910 613 3962 intermissa
630 3913 724 3970 erant,
753 3907 802 3959 sed
819 3912 881 3972 post
897 3921 1016 3972 pugnam
1036 3908 1204 3958 Leuctricam
1222 3922 1285 3960 oum

106 3995 311 4062 Epaminondas
334 3996 530 4046 Messeniorum
555 3997 694 4046 civitatem
710 3995 877 4056 restitueret,
904 3992 1022 4058 Epiteles
1039 3993 1181 4046 Aeschinis
1200 3993 1217 4046 i.
1237 3995 1285 4046 Ar·

106 4085 233 4147 givorum
255 4083 366 4148 praetor
392 4081 498 4131 somnio
524 4081 643 4132 m'onitus
666 4093 764 4131 urnam
788 4077 919 4129 abeneam
943 4077 1073 4130 effoderat
1090 4093 1144 4144 qua
1162 4081 1285 4132 contiue-

106 4167 189 4218 batur
213 4169 303 4218 stanni
329 4165 428 4218 lamina
453 4167 537 4217 instar
562 4167 624 4217 libri
649 4165 807 4225 convoluta,
835 4165 862 4214 in
881 4177 934 4228 que
952 4165 1120 4230 perscriptus
1137 4169 1196 4216 erat
1212 4168 1284 4217 totus

107 4253 176 4305 ordo
195 4265 337 4304 sacrorum
357 4252 444 4316 (Pane.
465 4251 507 4314 lV,
529 4255 570 4312 it,
591 4251 626 4311 t).
664 4251 730 4302 Ram
751 4262 848 4302 urnam
872 4253 900 4300 et
917 4249 995 4302 Paus.
1015 4250 1056 4314 iV,
1077 4255 1119 4314 tt,
1139 4255 1154 4301 t
1174 4251 1201 4300 iu
1220 4251 1284 4303 Gar-

106 4339 185 4390 nasio
203 4341 368 4391 asservatam
385 4335 574 4401 refertaeque
593 4335 706 4386 dubium
724 4341 765 4387 est
782 4337 847 4402 quin
865 4335 1044 4400 intellegenda
1062 4337 1097 4388 sit
1114 4335 1195 4388 huius
1213 4336 1284 4388 tituli

106 4439 133 4476 v.
156 4429 197 4475 ll.
