3082 5054
342 249 359 282 ⁸
716 267 780 318 Pars
799 267 880 331 prior.
1336 263 1399 328 [st‘l

207 271 270 334 360

210 476 365 540 Archives
399 473 455 536 des
490 473 635 536 missione
665 473 882 552 scientifiques
909 481 940 534 at
962 471 1131 534 litteraires
1164 473 1232 534 Ser.
1257 472 1296 532 lll
1330 473 1395 532 vol.

212 581 251 642 lll
280 575 384 660 (4876)
410 597 442 657 p.
463 575 523 638 276
548 595 580 637 n.
600 575 650 638 si.

291 755 398 836 Ἔτοος
421 759 451 826 δ’
474 761 525 826 καί
547 758 606 844 κ’ί,
634 759 780 848 Πανημου
802 757 841 826 α’.

386 916 549 1001 Ληταίοννῖ
575 917 603 981 οί
625 911 827 1003 πολιτοίρχαι8
854 915 1169 1002 προβουλευοαμίίνοιν
1190 917 1248 978 τῶν
1272 917 1400 1000 βουλευ-

299 1024 379 1085 τῶνί
401 1017 502 1084 είπαν·
531 1019 596 1085 ἐπεί
619 1015 766 1105 Μοίαρκος
780 1011 893 1091 Ἄννιος
918 1017 1060 1104 Ποίπλίοο
1088 1015 1166 1098 υἱός,
1200 1013 1275 1104 ἀνὴρ
1305 1014 1401 1089 καλὸς

272 1121 351 1190 δοιοί
373 1117 506 1206 ἄγαδιίς,
541 1119 718 1194 ἀποσταλείς
745 1121 853 1205 ταμίας
884 1116 948 1207 {iliad
971 1123 1023 1187 τοῦ
1047 1117 1144 1207 δήμου
1167 1123 1218 1185 τοῦ
1237 1113 1400 1204 Ῥωμαίων

302 1221 350 1289 ἐπί
371 1221 408 1289 τὰ
429 1220 507 1289 κατὰ
523 1223 713 1289 Μακεδονίαν
736 1220 918 1311 προίγραίτα,
942 1223 993 1289 καί
1014 1223 1064 1290 τὸν
1087 1220 1232 1310 ἀνώτερον
1256 1222 1308 1307 μὲν
1322 1217 1401 1308 χρό-

301 1351 350 1392 νον
363 1321 469 1391 ·ιτοίντα
490 1329 691 1392 διατετέλεκεν
699 1325 716 1413 1
735 1325 788 1412 τὴν
820 1323 917 1414 ἀρχὴν
946 1323 1160 1414 προϊστάμενος
1188 1329 1244 1391 τῶν
1267 1349 1299 1390 τε
1320 1319 1403 1390 κατὰ

302 1426 398 1494 κοινὸν
427 1434 516 1494 πᾶσιν
546 1425 725 1511 Μακείδόαιν
763 1429 982 1517 αονιρερόντιον,
1018 1431 1159 1515 πλείστην
1193 1428 1226 1494 δὲ
1255 1424 1404 1516 πρόνοιαν

301 1527 476 1616 ποιούμενος
503 1535 558 1596 τῶν
585 1531 590 1619 ί
617 1528 817 1619 διαφερόντων
845 1530 910 1598 κατ’
945 1533 1022 1599 ίδίαν
1052 1535 1103 1619 τήι
1128 1529 1273 1620 ἡμετέραι
1298 1528 1398 1612 πόλει,

263 1643 292 1695 ltl
305 1637 434 1719 σπουδῆς
449 1632 500 1699 καί
522 1633 700 1720 φιλοίίτιμίας
723 1631 812 1700 οὐδὲν
835 1637 992 1701 ἐνλείπιον·
1021 1637 1052 1700 ἐν
1076 1636 1109 1700 δὲ
1123 1641 1176 1700 τῶι
1189 1631 1312 1721 παρόντι
1326 1658 1402 1698 και-

306 1739 361 1822 ρῶι
391 1737 442 1801 καί
468 1739 523 1801 rod
550 1740 609 1802 τῶν
633 1737 655 1802 Γ
656 1737 782 1823 αλαίτῶν
812 1738 940 1811 dilston:⁵
961 1739 1163 1825 συναχθέντος
1184 1737 1236 1803 καί
1258 1740 1405 1822 ἐπιστρα-

304 1833 460 1912 τεύσαντος
477 1839 532 1912 ἐίς
559 1835 628 1913 τοὺς
656 1837 742 1926 καΙτᾶ
763 1833 891 1928 Ἄργοςί
920 1837 1026 1915 τόπους
1049 1843 1251 1929 ατρατοπέδινι
1274 1840 1413 1925 ριείίονι,Ι

308 1937 359 2028 ἐφ’
386 1933 437 2014 οδς
459 1940 510 2006 καί
532 1943 784 2030 ἐκπορεοδέίνΙτλς
814 1943 921 2017 Σέξτου
945 1943 1104 2030 Πομπηίου
1131 1950 1183 2009 rod
1212 1945 1406 2028 στρατηγοῦ7

288 2166 402 2217 Litterae
419 2168 524 2219 ΠΜΝΣ.
561 2167 687 2218 omicron
711 2173 738 2220 et
761 2181 855 2232 omega
874 2169 984 2233 reliquls
1003 2168 1099 2220 litteris
1117 2168 1254 2233 aliquanto
1272 2169 1404 2218 minores.

221 2255 230 2300 4
258 2253 349 2302 Annus
371 2253 526 2318 provinciae
545 2251 726 2317 Macedoniae,
746 2255 881 2305 institutae
902 2255 949 2304 itti
967 2267 993 2306 a.
1012 2253 1085 2316 Chr,
1109 2253 1336 2305 undetricesimus
1360 2254 1409 2302 est

221 2341 269 2387 448
288 2351 312 2388 a.
333 2337 395 2390 Chr.
432 2339 500 2390 Nam
525 2339 559 2389 de
578 2352 640 2390 aera
657 2340 779 2404 Actiaca,
804 2353 873 2406 quae
897 2353 962 2391 sana
986 2340 1050 2390 item
1078 2341 1104 2389 in
1123 2339 1278 2390 Macedonia
1303 2339 1330 2386 in
1349 2350 1406 2387 usu

219 2427 286 2488 erat,
307 2423 350 2474 irie
367 2426 479 2488 cogitari
497 2437 550 2475 non
569 2437 649 2490 possa
668 2425 725 2476 iure
744 2427 848 2477 monuit
865 2426 895 2476 ll.
999 2430 1017 2474 ’λ
1036 2425 1129 2490 Steph.
1142 2425 1204 2489 llys.
1224 2419 1308 2491 aava,
1328 2418 1408 2480 πόλις

220 2503 390 2572 Μακεδονίας,
410 2509 460 2561 ἀπὸ
478 2512 523 2562 τοῦ
541 2508 649 2578 πλησίον
673 2508 804 2580 ίδρομίνον
828 2509 928 2580 ιλητοῦς
947 2509 1028 2581 ίεροῡ,
1055 2511 1090 2568 ὡς
1115 2507 1242 2580 Θεαγένης
1259 2503 1410 2562 Μανιεδονι-

222 2597 294 2652 κοῖς·
313 2593 345 2666 τδ
360 2591 459 2647 ἐδνιαδν
477 2591 600 2664 Ληταῖος.
698 2602 711 2646 t
736 2597 811 2647 idem
830 2611 952 2648 summus
970 2599 1142 2662 magistratus
1160 2595 1241 2646 etlam
1259 2593 1409 2644 Thessalo-

222 2681 298 2732 nicae
322 2679 372 2730 luit
392 2679 529 2744 (Archivcs
548 2681 596 2732 des
616 2683 741 2733 missione
759 2684 854 2734 scient.
875 2686 902 2734 et
920 2683 968 2734 litt.
988 2683 1044 2732 Ser.
1059 2683 1095 2732 lll
1114 2681 1143 2732 T.
1157 2681 1193 2731 lll
1212 2677 1238 2746 p.
1253 2684 1302 2730 207
1321 2693 1348 2728 n.
1366 2679 1404 2740 4).

223 2769 236 2814 4
255 2765 386 2816 Videntur
404 2767 577 2830 magistratus
595 2767 645 2818 soli
664 2767 705 2818 ius
723 2781 784 2818 cum
809 2769 908 2834 populo
925 2767 1021 2833 agendi
1040 2766 1176 2828 habuisse,
1200 2767 1235 2816 ita
1254 2770 1285 2816 ut
1302 2763 1411 2830 probu-

223 2851 313 2902 leuma
324 2864 378 2902 non
392 2855 421 2902 at
432 2852 541 2902 Athenis
559 2852 593 2902 ab
612 2854 669 2918 ipso
687 2857 792 2913 senatu,
813 2853 859 2905 sed
871 2867 886 2904 a
900 2852 1099 2917 magistratibus
1116 2852 1151 2904 ad
1168 2850 1299 2917 populum
1317 2849 1409 2900 lerre-

223 2942 277 2986 tur.
383 2941 398 2986 a
417 2937 573 2988 Scordiscos
591 2937 721 2989 intellexit
739 2939 782 3000 D.‚
805 2941 867 3004 quia
886 2939 952 2990 Galli
971 2939 1080 2990 Asialici
1098 2940 1155 2988 tura
1174 2939 1201 2988 in
1221 2937 1408 2988 Macedoniam

223 3023 373 3086 irrumpere
387 3035 439 3072 non
453 3023 610 3088 potuissent,
631 3035 743 3088 regnum
758 3023 888 3076 Gallicum
908 3039 922 3076 a
941 3025 1111 3076 Comontorio
1131 3025 1156 3074 ln
1174 3023 1286 3074 Thracia
1303 3023 1410 3074 consti-

224 3110 311 3157 tutum
334 3105 379 3156 illa
403 3109 490 3158 aetate
515 3121 567 3158 non
591 3109 644 3158 iam
670 3107 763 3159 luisset
787 3109 888 3175 (Polyb.
917 3110 960 3172 lV,
988 3113 1041 3170 ts).
1079 3109 1143 3160 lade
1166 3109 1288 3160 al’arsei
1307 3111 1407 3169 aetate,

224 3193 270 3256 qui
289 3203 335 3243 eos
354 3193 453 3243 auxilia
471 3197 563 3244 contra
582 3192 713 3244 Romanos
731 3199 853 3246 vocasset
871 3194 949 3258 (Plut.
969 3195 1043 3246 λεια.
1070 3196 1144 3246 Paul.
1170 3195 1225 3258 ta),
1251 3207 1297 3244 eos
1319 3193 1412 3244 Thra-

225 3279 294 3328 ciam
321 3277 557 3344 Macedoniamque
585 3278 731 3330 identidem
755 3279 954 3332 incursionibus
982 3293 1106 3342 rexasse3
1131 3294 1155 3332 a.
1187 3283 1234 3330 litu
1253 3293 1277 3330 a.
1298 3279 1363 3330 Chr.
1391 3293 1410 3330 a

226 3365 258 3414 ii.
279 3363 411 3414 Cosconia
430 3365 456 3412 in
475 3363 586 3414 Thracia
604 3363 697 3428 pulsos
715 3378 774 3416 essa
802 3366 866 3427 (Liv.
887 3378 942 3431 per.
959 3367 1010 3428 56),
1040 3368 1087 3415 444
1110 3380 1135 3418 a.
1156 3365 1218 3416 Cirr.
1256 3365 1290 3414 iti.
1311 3365 1413 3416 Porcio

226 3447 318 3500 Catoni
336 3447 441 3500 cladem
460 3449 583 3500 intulisse
602 3449 665 3512 (liv.
686 3463 743 3514 per.
765 3453 805 3500 63.
827 3451 894 3502 flor.
916 3453 936 3512 l,
957 3454 997 3502 88.
1023 3451 1134 3515 Eutrop.
1157 3451 1201 3512 lV,
1222 3452 1274 3513 tu),
1295 3449 1345 3502 sed
1364 3451 1411 3500 in-

226 3535 350 3599 sequenti
367 3547 438 3584 anno
457 3548 472 3585 a
491 3535 520 3585 T.
541 3535 618 3586 Didio
643 3535 716 3586 lusos
734 3549 794 3588 esse
817 3541 844 3588 el
865 3551 880 3586 a
900 3535 932 3586 ii.
954 3535 1027 3586 Livio
1046 3541 1120 3587 trans
1139 3537 1291 3586 Danuvium
1311 3535 1412 3602 erpul-

226 3633 280 3672 sos.
352 3620 476 3684 ssteph.
498 3621 558 3684 Byz.
575 3610 685 3690 Ἄργος·
706 3618 805 3692 ἑβδόμη
831 3619 924 3683 (πόλις)
943 3619 1009 3673 πατὰ
1031 3615 1202 3674 Μακεδονίαν.
1245 3622 1318 3682 Quae
1342 3623 1411 3672 urbs

227 3704 300 3770 quod
334 3718 467 3769 nusquam
498 3705 562 3756 alibi
592 3711 835 3768 commemoratur,
866 3719 1036 3772 nequaquam
1066 3707 1131 3756 salis
1160 3719 1257 3758 causae
1287 3711 1328 3758 est
1358 3720 1411 3757 cur·

227 3804 290 3842 cum
309 3789 464 3842 Duchesnio
482 3804 542 3842 eam
560 3804 688 3856 negemus
707 3805 826 3857 unquam
846 3791 926 3844 luisse
944 3797 971 3842 el
987 3789 1065 3861 ἄργος
1088 3793 1141 3844 δοο
1162 3791 1221 3844 λοοο
1240 3805 1339 3844 nomen
1358 3806 1411 3859 ap·

226 3875 384 3941 pellativum
403 3889 461 3926 essa
480 3881 506 3928 et
523 3889 649 3943 campum
667 3876 817 3941 significare
836 3881 994 3930 statuamus.
1102 3883 1115 3927 ‘l
1135 3879 1183 3928 Pro
1202 3883 1325 3943 praetore
1343 3893 1411 3946 pro-

227 3963 343 4012 vinciam
357 3961 540 4012 Macedoniam
553 3961 703 4025 obtinebat;
723 3963 860 4032 στρατηγὸς
873 3977 922 4030 pro
934 3961 1128 4032 ἀντιστράτηγος
1141 3963 1242 4016 dictum
1257 3966 1411 4029 antiquiore

228 4059 303 4098 more
322 4049 351 4097 ut
369 4042 464 4104 ὕπατος
483 4045 631 4116 torpor-qma
650 4043 753 4111 ὕπατος)
772 4061 821 4114 pro
840 4045 985 4106 ἀνθύπατος
1007 4049 1049 4114 (ci.
1065 4047 1146 4112 499²).
1167 4049 1256 4102 lielelli
1276 4041 1360 4102 huius'
1375 4052 1410 4101 ti·

229 4132 278 4182 tuli
303 4133 456 4183 testimonio
475 4133 590 4198 Zumptii
614 4133 795 4184 coniecturam
823 4135 935 4198 [Comm.
957 4136 1041 4200 epigr.
1061 4137 1084 4185 ll
1102 4149 1128 4200 p.
1145 4139 1192 4186 467
1209 4137 1278 4200 sqq.)
1305 4138 1352 4202 qui
1377 4135 1408 4197 Q.

229 4216 365 4268 iletellum
393 4219 470 4269 annis
496 4221 627 4267 449-447
653 4232 678 4268 a.
705 4219 767 4270 Chr.
792 4220 981 4285 proconsulem
1007 4219 1284 4274 Macedoniae-luisse
1306 4223 1412 4286 statuit,

228 4303 368 4354 adnotavit
395 4303 424 4354 D.
463 4303 588 4354 Celerum
614 4315 676 4354 cum
703 4309 808 4356 constet
834 4307 901 4371 patri
921 4305 968 4358 Cn.
989 4297 1103 4370 Pompei
1118 4305 1256 4358 Strabonis
1282 4321 1340 4359 cos.
1366 4311 1412 4368 89,

229 4399 281 4438 avo
300 4389 347 4441 Cn.
363 4389 470 4454 Pompei
484 4389 579 4453 stagni,
599 4403 763 4455 praenomen
781 4393 875 4443 Sextus
894 4391 989 4452 luisse,
1011 4391 1077 4442 milri
1095 4392 1204 4457 quidem
1223 4405 1276 4444 non
1295 4393 1413 4446 dubium
