3082 5054
99 335 161 399 ill]
265 333 307 385 lll.
340 333 380 384 Ab
397 334 539 386 Alexandri
556 335 643 400 Magni
661 339 748 386 morte
767 335 800 386 ad
818 333 977 387 Corinthum
995 335 1120 388 deletam.
1223 338 1285 401 319

142 555 175 604 45
189 535 323 604 ἐνιαυτὸν
347 539 475 626 ,ἕκαστον
501 537 553 604 καὶ
566 537 577 625 ΙΙ
591 535 780 626 στσΙφσνῶτω
808 537 825 604 ὃ
854 539 905 606 καὶ
927 544 977 605 τᾶν
999 538 1137 625 &midioen
1152 543 1183 627 (i)

185 642 239 725 ·-l
250 677 364 690 -----
363 642 372 723 l
392 641 570 728 υμνωτω
591 679 698 692 -----
717 642 723 730 l
742 679 916 692 --------
1020 663 1023 672 ·

100 802 174 808 --.-
182 802 344 808 -----
362 801 371 806 .
375 803 409 810 .,-,

96 889 127 938 ii.
150 888 178 938 i.
268 890 283 934 6
307 885 348 942 ci
367 885 475 936 Diodori
499 886 588 937 locum
608 899 689 951 supra
710 887 774 950 (nol.
796 889 819 948 2)
840 887 959 938 allatum.
998 889 1198 940 Dubitalionem
1216 903 1281 940 sane

97 977 190 1024 movet
208 973 316 1024 dativus
336 973 362 1022 in
381 1000 414 1010 -
432 988 493 1024 oron
511 975 604 1022 exiens
621 986 636 1022 a
656 971 912 1038 Peloponnesiorum
932 973 1047 1024 dialecto
1065 975 1179 1025 alienus.

186 1263 252 1331 211
277 1266 395 1330 Tabula
419 1285 591 1328 marmorea
615 1268 743 1330 inventa
772 1269 805 1328 in
834 1268 1005 1331 ruderibus
1028 1271 1137 1351 templi
1160 1269 1282 1352 Apolli-

95 1372 148 1432 nis
176 1370 326 1431 Sminthii
354 1373 386 1430 in
413 1369 533 1432 Troade
559 1379 592 1431 ei
621 1390 638 1431 a
666 1371 805 1450 Sprattio
828 1373 1060 1454 Cantabrigiam
1083 1377 1277 1436 transmissa.

97 1475 146 1534 Ex
169 1476 209 1535 S.·
228 1473 342 1534 Birohii
367 1475 544 1554 apographo
567 1473 618 1536 ed.
646 1475 682 1535 Ε.
711 1473 839 1538 Curtius
864 1475 1125 1554 *Arohliologisohe
1149 1479 1281 1558 Zeitung

95 1577 181 1636 4855
205 1597 239 1657 p.
264 1577 303 1636 ai
328 1594 399 1656 sqq.
429 1575 504 1656 (tab.
530 1576 658 1659 LXXV).

237 1760 364 1847 Ἀχαθῆι
384 1757 486 1848 τύχην.
533 1759 731 1850 Κάσσανδρον
754 1763 954 1836 Μενεσθέωςῖ
979 1765 1116 1848 ἐτίμησεν
1226 1791 1229 1798 ·

115 1923 127 1980 l
182 1915 223 1982 Τὸ
246 1912 343 1982 κοινὸν
365 1920 424 1981 τῶν
445 1915 450 2004 Ι
471 1915 613 1982 Αἰτωλῶν
634 1915 638 2004 Ι
657 1923 773 2006 χρυσῶν
791 1919 796 2006 Ι
816 1915 966 2006 στεφάνων
1240 1921 1275 2003 ΙΙΙ

184 2017 226 2085 Τὸ
248 2017 346 2085 κοινὸν
368 2027 428 2086 τῶν
448 2019 453 2107 Ι
474 2021 613 2108 Δωριέων
633 2019 638 2108 Ι
657 2028 775 2108 χρυσῶν
794 2019 799 2110 Ι
819 2017 969 2109 στεφάνων
1240 2025 1275 2106 (2)

182 2120 224 2187 Τὸ
247 2120 344 2189 κυινὸν
366 2129 424 2188 τῶν
445 2123 450 2210 Ι
470 2120 618 2190 Αἰνιάνων
638 2125 642 2210 Ι
661 2120 775 2212 χρυσῶν
793 2125 798 2208 Ι
818 2121 978 2212 στεφάνων.
1241 2127 1278 2209 (3)

182 2224 225 2292 Τὸ
256 2224 352 2293 κοινὸν
379 2228 454 2312 τῶΙνΙ
471 2225 476 2314 Ι
493 2223 679 2315 Ἠπειρωτῶν
706 2230 772 2312 [τῶν
798 2227 881 2314 πΙΙσρὶ
908 2227 1080 2311 ΦοινίκηΙνῖ
1101 2227 1195 2314 χρυΙΙ-

265 2336 323 2395 σῶι
346 2327 520 2418 στεφάΙνωιΙ.
1185 2373 1188 2380 -
1241 2330 1276 2414 (a)

93 2489 397 2497 ———-—-..-.

168 2592 283 2642 Litterae
302 2591 435 2654 sein&
463 2591 556 2642 hastae
581 2592 716 2642 extremae
741 2591 847 2658 lineolis
872 2592 1031 2642 transversis
1049 2592 1167 2642 ornatae.
1204 2589 1281 2639 Solus

89 2683 222 2729 verensi
248 2679 374 2729 continue
398 2678 531 2742 scriptura
556 2679 640 2728 totam
663 2677 761 2742 lapidis
785 2673 957 2729 latitudinem
982 2677 1085 2744 explet;
1112 2665 1280 2738 singulorum

89 2765 230 2815 honorum
249 2763 319 2813 tituli
337 2765 371 2814 ita
391 2763 513 2815 adornati
531 2766 602 2826 sunt,
622 2767 651 2814 ui
669 2765 789 2830 quinque
807 2763 917 2814 ordines
935 2763 963 2826 (l.
978 2764 1011 2814 ll.
1033 2765 1085 2814 iv:
1097 2763 1126 2811 V.
1147 2763 1191 2824 Vl)
1212 2753 1281 2824 qua-

89 2857 235 2901 ternarum
253 2851 299 2899 aul
317 2851 454 2899 ternarum
473 2850 687 2915 inscriptionum,
707 2863 822 2914 quarum
835 2863 888 2900 una
903 2851 973 2900 iuxta
991 2849 1103 2900 alteram
1122 2849 1209 2914 posita
1228 2851 1278 2908 est,

88 2937 277 2988 distineaniur
305 2934 446 2985 ordinibus
475 2935 595 3000 quinque
624 2948 795 2998 coronarum,
826 2949 859 2986 ex
882 2935 980 3000 quihus
1005 2947 1184 3000 unaquaeque
1211 2933 1280 2983 inira

87 3025 186 3088 ipsum
209 3021 317 3072 titulum
340 3033 456 3071 ooronae
478 3019 611 3072 honorem
635 3025 819 3074 enuntiantem
843 3023 945 3088 sculpta
964 3024 1014 3076 est.
1051 3020 1104 3072 Sed
1122 3033 1206 3085 quum
1226 3033 1281 3070 me-

87 3111 157 3161 dius
176 3107 272 3158 titulus
294 3107 364 3158 tertii
388 3106 490 3158 ordinis
515 3108 551 3170 (6)
578 3120 783 3172 neocororum,
809 3109 865 3160 aad
882 3111 985 3160 statuae
1009 3107 1141 3158 honorem
1165 3105 1278 3166 indieet‚

88 3195 165 3246 inira
183 3207 246 3243 eum
266 3194 335 3244 inter
351 3192 466 3244 corones
483 3193 518 3244 ad
537 3193 661 3244 titulasti
680 3199 739 3245 etl
764 3198 917 3260 speotantee
940 3196 1059 3259 spatium
1076 3206 1192 3245 vacuum
1211 3195 1277 3254 erat,

89 3285 119 3332 iu
140 3294 198 3345 quo
216 3282 343 3352 quattuor
360 3279 428 3330 tituli
446 3279 550 3330 ordinis
569 3279 603 3330 ill
624 3281 658 3343 (8.
679 3283 704 3330 a.
726 3285 766 3332 io.
788 3281 841 3344 il),
867 3293 939 3332 uuus
958 3280 1026 3332 inira
1044 3281 1174 3339 alierum,
1201 3279 1278 3329 incisi

85 3371 169 3418 eunt.
259 3370 269 3414 l
292 3365 442 3418 Cassander
459 3365 609 3416 hieuasthei
632 3364 650 3416 l.
669 3365 876 3418 Menandrensis
898 3381 931 3418 ex
949 3365 1052 3418 Troade
1069 3368 1198 3432 proxenia
1215 3363 1280 3416 Dol-

85 3454 213 3518 phorum
236 3451 382 3504 honoratus
405 3455 447 3502 esi
470 3451 614 3502 Theoxena
637 3450 861 3514 arohonleilill,
883 3455 933 3516 is).
975 3453 1028 3504 Sed
1051 3465 1139 3517 neque
1163 3451 1197 3502 de
1222 3453 1279 3503 eius

84 3538 234 3590 archontis
251 3549 323 3588 anno
340 3539 455 3598 constet,
475 3538 527 3588 nisi
545 3537 617 3603 qnod
635 3550 705 3588 anno
725 3534 816 3604 iiiiii
835 3551 861 3588 a.
880 3539 942 3590 Chr.
962 3541 1057 3604 utique
1076 3538 1210 3590 reoontior
1226 3539 1277 3596 est,

84 3637 186 3690 neque
198 3635 332 3688 quaenam
344 3624 472 3688 temporis
484 3609 554 3674 ratio
566 3623 715 3700 intercedat
732 3624 802 3674 inter
819 3625 987 3688 proxeniam,
1007 3637 1077 3690 quae
1095 3624 1161 3685 illio,
1180 3626 1207 3674 et
1223 3625 1279 3674 sta-

84 3717 172 3762 tuam
189 3710 321 3760 aheneum
339 3721 521 3774 coronamque
539 3723 609 3774 quae
627 3710 672 3762 hio
690 3711 780 3773 (9.41)
800 3724 817 3761 a
834 3710 945 3775 Delphis
963 3712 988 3761 ei
1006 3711 1116 3762 decreta
1134 3721 1279 3760 recensen-

84 3803 147 3860 tur,
169 3795 277 3846 deliniri
296 3795 366 3846 lieet.
404 3797 434 3846 ln
452 3797 609 3846 universum
632 3809 697 3848 saue
715 3795 789 3848 illiue
807 3796 877 3847 tituli
895 3797 1056 3848 auctoritate
1073 3795 1276 3854 ooniirmanlur,
1362 3863 1366 3870 Ι

83 3897 167 3949 qnae
185 3882 220 3933 de
238 3881 319 3932 huius
337 3883 422 3932 aetate
439 3881 621 3946 disputaverat
638 3883 755 3944 Curtius,
784 3895 868 3947 quum
890 3883 1087 3934 demonstrarat
1114 3895 1177 3932 eum
1194 3881 1277 3945 priori

81 3969 166 4036 parti
184 3967 296 4018 alterius
313 3981 338 4018 a.
358 3967 421 4021 Chr.
441 3967 541 4018 saeculi
559 3967 760 4030 ascribendum,
786 3981 818 4018 ao
836 3971 910 4019 oerie
927 3981 998 4020 anno
1018 3969 1066 4016 lit
1084 3979 1108 4016 a.
1129 3966 1203 4029 Chr,
1223 3979 1278 4030 quo

82 4054 192 4106 ioedus
208 4053 355 4104 hohaionm
372 4067 389 4103 a
405 4053 531 4104 liomanie
549 4053 711 4106 dissolutum
729 4057 780 4116 est,
799 4055 981 4119 antiquiorem
998 4039 1067 4104 esee.
1096 4051 1159 4102 Post
1175 4035 1277 4102 bellum

81 4141 187 4194 Persei
211 4140 322 4192 demum
346 4140 464 4190 incisum
485 4151 545 4190 esso
570 4140 660 4192 nescio
682 4139 798 4194 aninde
817 4139 906 4204 colligi
924 4138 1018 4200 liceat,
1045 4137 1117 4204 quod
1137 4137 1227 4188 Oetaei
1251 4139 1279 4188 el

79 4227 229 4281 Aenianes
242 4226 294 4286 hio,
309 4214 345 4276 'ut
360 4226 518 4290 antiquitus,
538 4229 660 4290 separata
679 4226 713 4278 ab
725 4225 825 4276 Aetolis
844 4225 958 4276 eoncilia
976 4223 1084 4287 habent.
1097 4285 1101 4292 Ι
1114 4223 1182 4292 Nam
1196 4224 1278 4276 eliam

80 4316 156 4384 post
175 4311 282 4363 Aetolos
299 4325 315 4361 a
332 4309 459 4362 itomanis
476 4311 593 4362 domitos
615 4312 672 4374 (liii
691 4325 715 4362 a.
733 4311 808 4376 Chr.)
828 4315 916 4362 tamen
935 4309 984 4362 has
1001 4313 1094 4373 gentes
1111 4310 1279 4376 aliquamdiu

80 4403 147 4453 illis
165 4399 297 4463 ascriptos
315 4396 397 4448 inisse
415 4410 448 4447 ex
465 4398 542 4449 tilulo
555 4387 779 4463 Amphictyonioo
797 4411 824 4447 u.
839 4401 888 4446 iia
907 4400 1027 4462 apparel.
1099 4399 1114 4445 2
1133 4397 1171 4447 De
1191 4397 1278 4447 Phoe-

79 4490 156 4539 nice
174 4485 308 4536 Chaoniae
325 4483 393 4534 urbe
412 4483 445 4534 ol.
465 4483 579 4534 Bursian
598 4485 694 4548 Geogr.
719 4497 745 4537 v.
766 4485 811 4535 Gr.
839 4485 900 4550 ip.
923 4487 964 4533 li.
1006 4483 1072 4534 liam
1096 4485 1176 4548 oapul
1194 4481 1277 4534 luisse
1345 4531 1348 4536 .
