3138 5050
640 333 790 392 Praetado.
1257 355 1308 402 vu

123 528 182 593 tim
204 526 350 593 indicare
365 525 582 591 necessarlum
604 545 668 591 non
682 523 876 590 existimavi.
923 523 1041 591 Contra
1062 525 1096 590 in
1118 523 1308 592 enarrandis

123 651 229 717 titulis
250 647 329 732 quid
351 649 467 732 cuique
489 655 656 734 acceptum
678 646 841 729 referrem,
868 646 1040 732 diligenter
1061 647 1225 732 adnotavi,
1250 647 1307 715 lit-

122 775 203 841 teris
232 772 396 839 nominum
425 771 604 838 initialibus
636 791 714 837 usus
743 771 799 836 ubi
832 769 867 837 ld
895 773 966 838 sine
996 771 1208 856 ambigultate
1236 772 1307 840 fieri

122 905 261 981 poterat.
307 894 400 974 Quae
421 894 580 962 eiusmodi
601 903 678 962 nota
700 902 827 977 carent,
858 913 932 962 mea
954 901 1043 976 sunt,
1076 903 1205 982 praeter
1225 917 1307 963 non-

122 1021 215 1088 nulla
237 1041 321 1105 quae
348 1021 510 1088 neminem
532 1021 645 1104 tegere
666 1025 828 1104 poterant,
859 1026 896 1085 ut
921 1019 1109 1086 archontum
1130 1019 1307 1086 Atticorum

122 1147 195 1212 eius
216 1146 351 1229 aetatis,
377 1146 467 1212 cuius
489 1143 565 1210 lasti
587 1143 705 1227 integri
727 1148 872 1227 exeant,
903 1162 1059 1210 annorum
1088 1141 1302 1211 definitiones.

122 1269 221 1336 Talia
246 1271 331 1336 euim
354 1270 427 1354 quis
455 1268 577 1355 primus
608 1267 653 1334 ad
681 1267 809 1334 titulum
837 1267 979 1350 aliquem
1001 1267 1206 1354 ascripsisset
1227 1287 1306 1336 eno-

121 1401 193 1460 tare
216 1411 491 1479 supervacaneum
514 1399 584 1458 erat
606 1411 646 1458 ac
667 1411 772 1476 paene
793 1389 975 1460 ridiculum.

212 1549 409 1637 Magnopero
438 1549 547 1632 doleo,
581 1548 668 1633 quod
695 1569 767 1615 cum
797 1550 874 1618 anni
895 1548 929 1614 h.
951 1567 978 1614 s.
1003 1551 1191 1634 octogesimi
1211 1551 1307 1638 primi

122 1693 236 1740 mense
252 1673 381 1741 Octobri
402 1674 456 1739 hic
477 1673 560 1739 liber
580 1673 667 1759 typis
683 1673 823 1740 exscribi
844 1679 976 1762 coeptus
996 1681 1091 1758 esset,
1117 1675 1191 1762 plus
1206 1677 1308 1743 semel

121 1798 184 1865 hoc
205 1799 369 1882 negotium
395 1798 563 1864 intermitti
584 1817 717 1864 necesse
739 1795 810 1879 luit,
843 1817 915 1864 cum
942 1806 1073 1886 propter
1099 1799 1234 1866 aliorum
1256 1799 1307 1870 ol-

121 1920 266 1988 liciorum
295 1923 531 2008 occupationes,
557 1941 640 2006 quae
668 1941 772 2010 neque
793 1927 862 1988 tum
891 1941 989 2004 quum
1017 1921 1100 1989 haec
1121 1924 1306 1996 incoharem

121 2043 313 2129 praevidere
342 2065 448 2130 neque
475 2053 588 2131 postea
609 2043 773 2110 declinare
796 2051 954 2130 poteram,
980 2054 1048 2114 tum
1069 2053 1199 2134 propter
1220 2068 1307 2115 mor-

121 2169 209 2252 bum,
236 2188 299 2251 quo
319 2187 417 2252 quum
432 2167 527 2235 huius
549 2167 627 2234 anni
648 2187 759 2235 mense
773 2167 919 2252 Augusto
935 2179 1099 2258 correptus
1121 2190 1226 2240 essem
1248 2192 1307 2258 per

122 2292 204 2360 duos
224 2293 367 2378 integros
388 2311 516 2360 menses
537 2291 684 2358 omnibus
707 2291 864 2360 eiusmodi
879 2295 1043 2361 laboribus
1065 2295 1228 2364 abstinere
1250 2316 1307 2363 co-

121 2423 214 2484 actus
230 2435 311 2482 sum.
350 2415 443 2494 Quod
458 2436 554 2499 quum
573 2416 744 2502 accideret,
771 2417 869 2483 etiam
884 2415 1046 2483 Addeuda
1060 2425 1093 2484 et
1107 2417 1306 2504 Corrigenda

121 2547 155 2608 et
175 2560 253 2626 pars
274 2539 416 2606 indicum
437 2540 524 2626 typis
553 2540 715 2626 exscripta
742 2547 843 2607 erant.
891 2541 941 2606 Ita
963 2542 1079 2622 evenit,
1110 2549 1146 2609 ut
1166 2545 1306 2612 nonnul-

120 2665 224 2732 lorum
247 2683 331 2748 quae
352 2664 478 2730 interim
500 2664 621 2754 publici
642 2664 722 2734 iuris
748 2663 944 2745 factasunt,
977 2664 1124 2752 inprimis
1139 2667 1220 2734 'libri
1242 2687 1305 2752 quo

120 2789 225 2856 musei
246 2773 425 2854 Britannici
445 2795 650 2855 monumenta
671 2789 881 2873 epigraphica
903 2791 1104 2856 conducatur
1128 2793 1231 2877 partis
1253 2794 1305 2860 al-

121 2913 233 2998 terius,
242 2914 270 2996 ’)
293 2930 335 2980 ne
362 2911 587 2986 iudddeudis
608 2911 737 3000 quidem
766 2913 849 2980 ratio
870 2912 984 2979 haberi
1005 2921 1125 2999 posset.
1170 2913 1242 2992 Qua
1263 2916 1305 2985 de

120 3057 219 3103 causa
239 3037 416 3102 monuerim
437 3036 522 3103 tituli
544 3056 639 3119 quem
662 3057 703 3103 ex
722 3036 888 3103 Wescheri
908 3039 1095 3124 apographo
1116 3059 1305 3124 expressum

120 3161 223 3227 hahes
237 3181 271 3225 n.
287 3161 360 3244 eet,
375 3159 556 3226 accuratius
571 3163 754 3247 exemplum
767 3160 837 3227 illio
851 3179 925 3227 esse
939 3183 971 3248 p.
988 3164 1047 3226 138
1059 3183 1092 3228 n.
1107 3161 1300 3248 eecmv,

121 3303 183 3368 quo
196 3283 348 3369 exemplo
369 3283 594 3369 supplementa
615 3291 742 3350 meast
763 3283 1004 3351 emendationes
1026 3283 1252 3354 confirmantur
1273 3297 1306 3356 et

120 3415 291 3493 praeterea
312 3427 344 3473 v.
364 3411 414 3472 16.
442 3411 492 3490 17,
516 3429 602 3493 quae
623 3409 844 3476 Wcscheriaui
866 3408 1045 3495 apographi
1067 3429 1129 3496 opo
1150 3409 1304 3494 expedire

119 3531 343 3615 nequiveram,
375 3531 422 3596 sie
455 3533 661 3618 supplentur:
703 3529 885 3606 εὐνοϊκῶς
919 3535 992 3616 (ιιοιι
1019 3527 1161 3618 εὖνόμως)
1191 3559 1223 3600 τε
1253 3533 1305 3600 acl

120 3655 242 3728 δικαίως
268 3652 350 3740 [πρὸς
372 3655 514 3741 direptor
536 3661 594 3721 τῶν
616 3651 831 3722 κατοικούντων
853 3661 917 3724 κτλ.
965 3657 1138 3724 Praeterea
1159 3656 1196 3723 (l.
1222 3659 1304 3724 Pur-

119 3778 208 3863 goldi
222 3779 450 3846 benevolentia
465 3781 575 3865 accepi
597 3781 819 3868 apographum
841 3781 924 3848 tituli
940 3781 1101 3866 Olympici
1123 3801 1156 3846 ιι.
1175 3784 1237 3845 240
1260 3783 1302 3850 ab

119 3904 191 3988 ipso
219 3905 461 3970 accuratissime
490 3903 679 3988 consectum,
712 3925 752 3972 ex
773 3924 835 3989 quo
856 3911 984 3990 praeter
1005 3905 1128 3972 leviora
1148 3905 1304 3972 nonnulla

188 4290 212 4352 *J
233 4286 307 4343 Sane
325 4289 350 4343 is
368 4286 438 4342 liber
456 4303 538 4358 quum
558 4289 651 4344 editus
668 4295 744 4345 esset
762 4291 858 4345 statim
875 4287 1015 4346 beneficio
1032 4304 1127 4345 eorum
1145 4289 1192 4360 qui
1205 4305 1303 4345 museo

120 4373 284 4429 Britannico
300 4378 435 4444 praesunt
451 4375 488 4429 ad
512 4389 555 4429 me
573 4375 753 4431 transmissus
771 4380 831 4440 est,
857 4375 936 4430 ouius
954 4375 995 4430 rei
1013 4375 1055 4431 eis
1071 4375 1220 4430 maximam
1236 4391 1302 4445 gra-

121 4459 188 4514 tiam
205 4457 306 4514 babeo.
