3094 5074
245 348 308 408 620
748 351 810 400 Pars
828 351 920 403 alteru.
1339 355 1438 418 [iss-

332 550 440 640 άγοράι
461 553 591 641 nuptast,
618 545 773 631 Δισνάσιος
795 556 843 644 Ti.
857 609 863 622 .
878 607 885 622 .
900 583 959 631 ,ιος
988 556 1085 624 εἶπεν*
1121 555 1268 647 δεδόχθαι
1290 565 1347 625 τῶι
1368 587 1438 625 κοι-

291 669 322 719 10
333 661 386 722 νῶι
407 661 465 722 τῶν
488 657 699 745 θιΙΠασωτλῖλνΙ·
729 661 794 726 ἐπεὶ
815 657 854 726 τά
874 685 906 726 τι
929 654 1009 728 άλλα
1030 659 1207 749 πράττουσιν
1228 666 1332 738 καλῶς
1351 663 1356 752 Ι
1375 663 1437 747 [καὶ

335 756 470 848 εὔμεβῶς
492 757 531 826 τά
557 758 635 828 κατά
662 760 732 836 ταῶς
758 760 877 847 taedet,
904 760 1063 832 ἀναθεῖναι
1082 765 1087 854 Ι
1104 763 1225 850 [adpelle
1247 767 1299 833 καὶ
1322 764 1439 854 στήλην

332 864 363 928 ἐν
385 867 438 929 τῶι
467 865 549 952 Ιερῶι
574 871 627 951 τῆς
650 862 848 954 Ἀρτέξ[μιδοΙς
876 869 928 934 καλ
949 865 985 934 τά
1015 864 1149 956 ὂνάματα
1175 866 1349 959 ἀναγράψαι
1374 876 1438 936 τῶν

292 967 511 1055 ΙῡθιασιντῶΗν
544 965 706 1054 doluisses,
739 966 924 1058 ἀναγράφειν
951 971 985 1037 δὲ
1018 971 1070 1038 καὶ
1095 978 1152 1038 τῶν
1182 975 1329 1061 ἱερεάῶρν*
1356 973 1438 1061 τῶΙΙΙν

332 1070 570 1157 ἐπιγιγλνομένων
593 1068 660 1138 κατ’
684 1071 831 1157 [epicuros
855 1071 914 1140 άπὸ
937 1075 1158 1162 ΔιομέδοΙΜτσς
1183 1069 1347 1164 άρχσντος,
1381 1074 1438 1144 ἐὰν

333 1169 412 1245 δόξει
438 1179 494 1240 τῶι
522 1179 627 1241 κοινῶι
655 1173 755 1264 ὀρθῶς
781 1179 1049 1264 ἐΗπλιμεμιλῆσθαι
1074 1183 1134 1245 τῶν
1162 1176 1240 1245 κατὰ
1262 1176 1317 1266 τὴν
1340 1177 1432 1246 θεάν·

334 1271 528 1366 ἀναγράφῐειν
553 1279 585 1344 δὲ
608 1279 737 1346 καὶτῶν
759 1277 945 1354 ἐπειςιάντῶν
969 1283 1182 1348 συνθιασιντῶν
1197 1280 1262 1369 lirici
1283 1279 1435 1369 ὀνόματα,

291 1376 410 1446 tutudi
432 1380 645 1470 καταβάλωσιν
667 1379 701 1448 τὸ
722 1379 910 1472 suppiliciis]
933 1381 1034 1459 αὐτοῖς
1055 1389 1109 1451 τοῦ
1131 1381 1318 1474 ὑπάρχοντας
1341 1383 1440 1475 cippu-

335 1483 398 1569 ploo
420 1481 498 1551 κατὰ
519 1482 590 1572 cdliv
612 1483 720 1573 clipeo
743 1488 774 1552 ἐν
796 1491 850 1553 τῶι
871 1483 996 1576 ἐράνωι·
1027 1491 1201 1576 ἑνγραφέτῶ
1227 1489 1261 1555 δὲ
1284 1491 1439 1576 ἕκαστΙΙομ

334 1583 423 1652 αὑτὸν
452 1593 506 1655 τῶι
532 1586 624 1656 αὑτοῦ
654 1586 832 1677 άναλῶματι
861 1588 937 1678 μετὰ
957 1596 1010 1657 τοῦ
1032 1593 1167 1678 rupllssou
1189 1592 1241 1658 καὶ
1263 1599 1317 1660 τοῦ
1338 1619 1441 1680 γραμ-

336 1692 464 1774 portur.

442 1791 491 1861 τὸν
514 1796 603 1882 repl—
1035 1795 1086 1863 τὸν
1109 1823 1208 1886 γραμ

293 1912 325 1962 25
487 1923 522 1963 αν
1036 1901 1133 1986 ματέα

443 1997 610 2068 Διονύσιον,
1039 2001 1222 2092 Θεάπραπσν.

249 2309 335 2380 (26615
354 2329 378 2365 e.
400 2315 483 2378 clun).
524 2314 562 2368 ct.
585 2314 654 2364 teu.
733 2319 748 2364 2
767 2315 929 2380 Plerumque
948 2315 999 2366 hec
1017 2315 1132 2382 simplici
1152 2315 1266 2368 termula
1284 2321 1443 2370 conventus

249 2401 356 2465 tempus
374 2403 401 2451 et
420 2415 506 2466 genus
524 2401 662 2453 indicetur
680 2403 706 2452 iu
733 2403 926 2454 sodaliciorum
949 2402 1066 2454 decretis
1088 2403 1126 2467 (C.
1140 2405 1161 2456 1.
1175 2402 1230 2455 Ati.
1251 2403 1272 2453 ll
1293 2406 1353 2455 tlt.
1376 2408 1440 2456 stt.

250 2488 308 2538 δαν.
325 2489 383 2536 ott.
400 2489 460 2540 ott.
480 2487 550 2549 cti).
576 2488 735 2540 Accusatius
754 2490 782 2541 C.
804 2491 824 2540 1.
844 2491 896 2540 Ait.
916 2489 939 2538 ll
958 2491 1003 2537 dit
1027 2487 1108 2558 μηνὸς
1127 2484 1311 2558 Πυαναψιῠνος
1328 2487 1444 2558 πέμιιτει

249 2569 502 2642 {erepton-eppe
519 2570 663 2642 suptarus
681 2570 825 2626 deonotus.
863 2575 950 2635 Quum
975 2574 1034 2624 dies
1058 2575 1160 2627 mensis
1185 2575 1300 2626 indicari
1320 2589 1376 2627 nou
1395 2589 1444 2627 so-

248 2658 315 2720 leat,
342 2661 555 2710 cousentaneum
579 2662 621 2710 est
643 2661 721 2712 statis
745 2659 842 2712 diebus
861 2664 1011 2712 conventus
1029 2659 1136 2712 habitos
1160 2673 1236 2724 esee,
1263 2675 1353 2727 neque
1378 2662 1444 2728 plus

248 2758 303 2796 uno
321 2749 457 2796 conventu
476 2745 614 2797 ordinario
632 2759 681 2811 per
704 2759 825 2798 mensem
853 2745 946 2798 luisse.
984 2746 1055 2798 Nem
1073 2745 1127 2810 hic,
1152 2745 1230 2796 aliter
1247 2749 1329 2812 atque
1348 2749 1377 2798 in
1396 2761 1445 2799 re-

247 2829 357 2896 publica
374 2831 589 2892 Atheniensium,
608 2828 684 2899 ιιυρία
701 2830 782 2902 ἀγορά
807 2833 996 2898 unusquisque
1015 2837 1166 2884 conventus
1184 2833 1340 2884 ordinarius
1357 2846 1445 2885 voca-

248 2917 337 2968 batur.
425 2923 439 2968 t
461 2918 627 2969 llumenudis
646 2919 789 2982 existimat,
810 2919 855 2970 hic
874 2919 1028 2970 subiectum
1047 2919 1208 2982 desiderari,
1230 2922 1312 2984 etque
1331 2919 1444 2970 intelle-

250 3004 353 3069 gendos
375 3017 435 3055 esse
465 3005 622 3055 sacerdotes
646 3004 781 3070 quosdem
811 3005 858 3070 qui
882 3006 909 3056 in
935 3007 1075 3070 superiore
1102 3007 1178 3071 parte
1204 3003 1304 3070 lapidis
1331 3003 1444 3056 abscisa

250 3089 396 3140 collaudati
416 3088 522 3141 tuerint.
554 3091 589 3141 st
606 3085 632 3140 ln
651 3103 683 3140 ee
701 3103 730 3140 re
750 3090 892 3142 menileeto
911 3092 1019 3142 erravit.
1053 3092 1107 3158 lpsi
1126 3091 1259 3142 thiasotae
1277 3091 1446 3156 intellegun-

251 3180 302 3240 tur,
323 3176 370 3241 qui
388 3178 516 3241 quoniam
531 3176 635 3242 reliqua
648 3179 740 3228 omnia
753 3179 796 3243 pie
809 3181 836 3228 et
849 3177 973 3240 religiose
986 3177 1088 3230 iaciunt
1106 3191 1175 3242 quae
1194 3175 1229 3226 ed
1249 3177 1363 3228 deorum
1382 3177 1446 3228 cul·
1536 3223 1537 3258 ρ

196 3259 199 3266 “
250 3265 309 3314 tum
327 3267 457 3330 spectent,
478 3263 647 3314 constituunt
669 3264 700 3313 ut
717 3262 770 3313 hoo
787 3277 897 3328 quoque
915 3262 969 3314 liat.
1008 3265 1077 3314 Sane
1096 3265 1123 3314 in
1142 3276 1174 3314 ee
1193 3263 1329 3314 sententia
1347 3260 1444 3321 αὐτοὺς
1536 3277 1537 3294 ¹

251 3363 277 3401 v.
300 3353 331 3398 te
355 3349 453 3399 melius
476 3349 660 3406 omitteretur,
688 3349 737 3400 sed
761 3349 795 3400 de
818 3349 874 3412 ipso
893 3349 1116 3414 interpretatione
1134 3347 1208 3400 nulle
1227 3347 1361 3400 dubitatio
1380 3362 1443 3401 esse
1536 3407 1537 3420 ρ

252 3437 339 3498 potest
356 3434 460 3484 collatis
478 3433 602 3485 versibus
623 3438 729 3483 tt-ss
754 3431 889 3488 ἀναθεῖναι
912 3432 1004 3492 oureus
1028 3433 1072 3486 ιιαὶ
1095 3431 1192 3502 στήλην
1209 3460 1244 3472 -
1267 3433 1313 3486 sol
1330 3433 1363 3486 τά
1382 3433 1444 3487 ὀνό-

252 3538 320 3587 ματα
343 3516 486 3589 ἀναγράψαι
503 3525 554 3570 τῶν
581 3517 714 3572 erasmae
742 3517 862 3572 ἁπάντων
887 3523 915 3571 et
941 3525 1042 3570 at-sa
1071 3516 1217 3590 ἐνγραρὲτω
1246 3518 1275 3572 δὲ
1301 3516 1444 3578 ἕκαστος

250 3603 347 3658 αὑτὸν
365 3604 404 3674 τῷ
417 3603 493 3657 αὑτοῦ
505 3603 655 3672 ἀναλώματι
667 3605 733 3674 μετὰ
744 3609 789 3658 τοῦ
807 3604 899 3674 ταμίου
918 3605 961 3658 sol
977 3609 1023 3659 τοῦ
1041 3603 1219 3676 γραμματέως.
1253 3607 1323 3658 Sane
1341 3607 1442 3658 decre-

252 3696 309 3744 tum
328 3691 443 3744 alterum
459 3691 643 3754 honorarium,
663 3695 691 3742 at
708 3705 763 3743 non
781 3692 954 3744 secerdotum
972 3693 1155 3758 quorundam,
1176 3693 1225 3743 sed
1242 3693 1398 3757 quaestoris
1416 3697 1445 3744 et

252 3779 367 3841 scribae,
387 3779 414 3828 in
434 3779 574 3844 superiore
592 3781 667 3842 parte
687 3778 785 3844 lapidis
803 3779 917 3844 periisse
936 3779 1036 3830 indicio
1049 3783 1114 3830 sunt
1127 3779 1181 3842 ille,
1201 3791 1273 3842 quae
1291 3793 1317 3829 v.
1338 3781 1444 3829 tt-tt

251 3865 403 3930 subscripta
423 3863 565 3915 habemus.
662 3863 821 3932 ttepaitttt.
860 3865 1022 3916 Emendavit
1040 3865 1118 3917 llum.
1156 3863 1196 3914 Ex
1214 3864 1445 3916 antecedentibus

251 3949 433 4016 supplendum
459 3950 567 4001 videtur
589 3947 621 4002 τά
640 3947 760 4018 ὀνόματα.
798 3951 867 4001 Sene
891 3951 932 4001 sic
957 3949 1070 4001 offendit
1093 3965 1120 4001 ν.
1142 3955 1173 4000 te
1198 3949 1343 4014 singularis
1368 3947 1444 4012 δόξει,
1536 4009 1537 4012 ¹

252 4051 336 4102 quare
355 4039 447 4090 nescio
466 4050 500 4086 an
518 4036 574 4087 illic
596 4033 629 4104 (ἡ)
652 4031 682 4086 ἂν
706 4049 756 4102 pro
784 4033 828 4088 ἐὰν
852 4035 1027 4088 scribendum
1052 4039 1079 4086 et
1101 4041 1153 4088 τῶν
1172 4033 1283 4105 lspsdolo
1300 4037 1446 4100 genetivus

253 4124 395 4189 partitivus
413 4122 555 4174 habendus
573 4123 618 4173 sit.

253 4334 406 4342 ----

343 4482 409 4551 427
440 4485 559 4549 Tabula
587 4487 716 4550 inventa
740 4487 772 4549 in
796 4487 935 4548 Piraeeo.
983 4487 1054 4549 Post
1076 4483 1290 4550 Alexandrum
1315 4489 1446 4551 lleleto-
