3086 5066
767 357 830 406 Pars
847 355 941 406 altere.

472 559 623 648 Χαίριχος
641 559 824 649 Ἀρχελόχου
848 556 995 635 Βοιώτιος

474 665 633 752 Θεραίνους
656 663 826 731 Νικωνίδου
851 660 1013 738 Σικυώνιος

465 763 666 855 Ἡρακλείδης
688 764 787 834 Λύκου
806 763 1028 856 Ἀμβρακιώτης

473 867 693 958 Κηφισόδωρος
715 869 852 938 Καλλίου
875 868 1021 945 Βοιώτιος

474 971 697 1060 Διονυσόδωρος
720 974 883 1062 Παμφίλου
906 969 1064 1061 Μεγαρεύς

399 1080 526 1161 ἱματιο
537 1076 649 1162 plotio
659 1103 669 1142 ι
680 1080 720 1122 ¹⁰·
749 1077 938 1164 Στρατοκλῆς
956 1073 1183 1163 Ἀπολλοδώρου

474 1179 669 1264 Σαλαμίνιος.

269 1403 313 1454 hic
337 1405 421 1455 trihus
439 1405 521 1455 modo
540 1405 634 1469 primis
659 1403 834 1454 histrionibus
853 1403 1067 1469 subiunguntur,
1088 1405 1145 1455 sive
1163 1417 1237 1454 mera
1257 1403 1390 1469 lapicidae
1411 1415 1453 1452 so-

269 1488 360 1540 cordia
378 1488 406 1540 id
424 1489 523 1540 lactum
541 1493 595 1550 eal,
621 1490 679 1540 sive
703 1489 749 1540 illo
772 1503 844 1540 anno
869 1494 977 1557 propter
1001 1492 1119 1557 inopiam
1137 1489 1281 1541 hbminum
1299 1489 1334 1539 ad
1354 1503 1386 1539 ea
1408 1503 1454 1538 ne-

268 1576 340 1638 goiia
358 1577 474 1640 gerenda
493 1577 653 1628 idoneorum
673 1575 711 1626 illi
729 1576 780 1626 soli
798 1579 881 1628 totam
900 1590 1010 1642 operam
1030 1577 1057 1626 la
1076 1587 1106 1626 se
1124 1578 1310 1641 susceperant.
1389 1577 1406 1622 a
1426 1577 1452 1623 lo

269 1661 395 1712 omuibus
415 1663 499 1712 titulis
516 1663 619 1728 septeni
638 1661 783 1713 choreuiae
808 1663 904 1714 comici
922 1665 1000 1725 suni,
1027 1675 1089 1713 cum
1108 1663 1203 1726 tragici
1221 1673 1357 1726 nusquam
1377 1673 1454 1710 com-

270 1749 390 1811 pereant.
427 1747 588 1800 Comoedias
611 1760 697 1799 novae
724 1747 829 1798 labulae
854 1747 928 1798 chori
956 1750 1071 1799 canticis
1090 1747 1145 1800 iere
1163 1747 1300 1810 carebant,
1327 1747 1454 1810 antiquas

270 1847 334 1883 vero
358 1835 511 1886 comoedias
535 1835 637 1886 Atticas
661 1835 740 1884 tertio
764 1837 812 1884 aui
835 1833 954 1884 secundo
979 1848 1002 1885 a.
1024 1834 1088 1885 Chr.
1116 1835 1224 1884 saeculo
1243 1832 1355 1897 Delphis
1381 1835 1455 1884 acies

269 1931 330 1970 esse
347 1921 470 1970 omnium
488 1921 603 1971 maxime
623 1917 800 1986 improbabile
819 1923 861 1970 esi
883 1918 925 1982 (ei.
941 1919 1021 1984 ⁴08²),
1050 1933 1138 1984 neque
1161 1921 1201 1970 eis
1225 1919 1326 1970 chorus
1348 1921 1453 1983 sepiem

271 2005 411 2056 bominum
438 2004 599 2058 suffecisset.
636 2007 722 2056 lmmo
746 2019 794 2070 per
824 2005 965 2057 intervalla
984 2007 1097 2057 actionis
1115 2007 1143 2056 bi
1161 2005 1286 2056 homines
1304 2004 1455 2056 saltationi-

270 2089 322 2141 bus
340 2093 506 2156 spectatores
525 2092 675 2143 delectasse
694 2092 830 2142 videntur.
857 2093 887 2142 1..
994 2096 1024 2141 lii
1051 2092 1102 2152 Qui
1129 2093 1288 2142 vestimenta
1314 2090 1350 2141 ad
1375 2089 1454 2140 ludos

270 2177 408 2228 scaenicos
426 2177 601 2230 histrionibus
619 2179 646 2228 et
663 2179 802 2230 choreutis
820 2177 1003 2230 commodant.
1042 2179 1071 2226 ln
1091 2179 1176 2228 titulis
1200 2180 1225 2226 υ.
1247 2178 1260 2225 t
1289 2177 1360 2226 terni
1379 2179 1452 2236 sunt,

271 2267 285 2312 5
304 2262 366 2326 duo,
388 2263 432 2313 hie
451 2277 521 2316 unus
538 2263 691 2328 Stratocles,
712 2265 759 2330 qui
778 2265 805 2313 in
824 2263 951 2314 omnibus
969 2263 1107 2314 laterculis
1125 2265 1233 2330 praeter
1251 2265 1265 2312 i
1286 2265 1452 2312 recensetur.

271 2348 365 2413 Neque
383 2361 448 2400 vero
471 2350 517 2402 hic
535 2363 633 2401 nomeu
658 2351 772 2402 alterum
799 2351 931 2400 omissum
956 2362 1015 2401 esse
1042 2349 1251 2400 existimandum
1276 2350 1318 2398 esi
1342 2351 1455 2414 propter

271 2433 404 2498 pluralem
424 2433 605 2506 ἱματιομίολαι.
645 2438 670 2486 ls
694 2437 767 2486 enim
792 2437 819 2485 ln
844 2435 978 2486 eiusmodi
1003 2435 1138 2486 indicibus
1158 2435 1294 2498 legitimus
1312 2437 1355 2485 est
1373 2437 1453 2484 etiam

271 2520 319 2571 ubi
337 2520 405 2572 iorte
424 2520 529 2574 lortuna
548 2535 634 2573 unum
652 2521 734 2574 modo
753 2535 851 2572 nomen
871 2521 1051 2574 subscribitur
1072 2521 1113 2584 (cl.
1134 2521 1163 2573 C.
1185 2521 1205 2571 l.
1224 2521 1278 2570 hii.
1298 2520 1321 2570 11
1339 2521 1412 2582 96⁸).

357 2811 426 2879 405
456 2817 548 2896 Lapis
578 2815 698 2878 lractus
728 2814 810 2878 inire
838 2825 869 2878 ct
891 2837 909 2879 a
932 2814 1041 2878 dextre
1063 2822 1172 2896 perte,
1207 2813 1313 2876 laesus
1343 2831 1450 2894 supra,

273 2916 404 2980 Athenis
427 2918 459 2980 in
482 2937 564 2980 arce.
611 2917 692 2981 Edd.
717 2917 865 3000 Rangebe
887 2917 960 2982 Aut.
986 2917 1067 2980 Hell.
1095 2917 1189 2980 ⁴003.
1226 2917 1355 2978 Pittakis
1370 2917 1451 2997 pr.

275 3021 369 3082 4839.
415 3021 448 3082 F.
474 3023 533 3082 Leo
556 3023 634 3084 llus.
659 3021 759 3084 llben.
784 3023 910 3082 XXXlll
939 3039 970 3101 p.
997 3023 1058 3081 ⁴39
1075 3038 1145 3100 sqq.
1198 3019 1331 3082 Kochler
1352 3019 1451 3082 blitth.

274 3122 332 3185 des
361 3123 446 3184 areb.
479 3126 554 3186 lnsi.
587 3125 626 3185 lll
659 3122 764 3208 (⁴878)
798 3143 829 3205 p.
858 3125 931 3186 ⁴05.
978 3123 1012 3188 G.
1045 3125 1069 3186 l.
1099 3122 1160 3185 llit.
1194 3124 1219 3183 ll
1251 3121 1359 3184 eila.
1408 3123 1452 3185 Gi.

275 3243 356 3305 quae
379 3224 551 3308 disputavit
573 3228 630 3288 Tb.
657 3228 760 3309 Bergk
782 3229 859 3290 llus.
884 3229 985 3290 Rhen.
1009 3227 1133 3288 XXXIV
1155 3245 1188 3306 p.
1214 3225 1287 3288 300.
1314 3226 1389 3287 330.

365 3437 420 3478 ,ου
506 3417 628 3498 κῶμοι
755 3405 850 3499 ἦσαν
937 3415 1031 3498 τ[ῶυ1
1040 3449 1178 3464 ------
1179 3414 1187 3496 ]

344 3639 503 3690 litteratura
522 3639 613 3689 ionica
632 3638 756 3702 volgaris.
787 3639 859 3690 Vel
882 3638 979 3690 litteris
997 3638 1147 3690 maioribus
1165 3641 1299 3690 exaratus.
1326 3637 1455 3690 Eiusdem

277 3725 460 3786 monumenti,
488 3737 541 3775 non
565 3725 650 3776 multo
673 3727 736 3775 ente
760 3725 881 3776 medium
900 3725 1039 3776 saeculum
1066 3738 1090 3776 a.
1112 3725 1175 3776 Chr.
1204 3727 1331 3789 quartum
1360 3727 1453 3784 erecti,

276 3823 303 3862 n.
323 3812 372 3860 tte
390 3811 432 3861 eat
455 3812 482 3860 ei
500 3812 549 3861 trie
573 3809 721 3875 lragmenta
746 3813 801 3876 (974
824 3824 838 3861 ο
855 3811 873 3862 d
890 3824 903 3861 e
920 3811 992 3876 apud
1011 3810 1195 3874 lloehlerum),
1222 3823 1292 3875 quae
1317 3813 1401 3862 cerlis
1424 3810 1456 3862 de

276 3897 365 3948 causis
382 3897 427 3946 hic
444 3896 590 3962 repetenda
614 3910 666 3947 non
689 3897 824 3948 duximus.
862 3897 1059 3962 Argumentum
1078 3899 1105 3948 el
1122 3897 1189 3948 orde
1207 3911 1261 3962 quo
1279 3897 1331 3947 hae
1350 3897 1456 3949 tabulae

275 3984 420 4034 adornatae
432 3987 516 4046 erent,
536 3983 699 4049 perspicitur
711 3997 743 4035 ex
756 3997 782 4034 n.
797 3985 859 4032 aee:
881 3983 984 4048 Nempe
1002 3984 1160 4034 victores
1177 3984 1359 4034 pedaminum
1372 3985 1458 4034 musi-

276 4083 372 4120 corum
395 4071 423 4120 et
447 4070 631 4120 scaenicorum
657 4071 702 4134 qui
721 4069 850 4133 magnis
868 4069 1047 4135 Dionysiis
1065 4067 1249 4131 habebantur,
1270 4069 1315 4120 hlc
1332 4070 1458 4136 inscripti

276 4157 353 4206 erent
365 4155 415 4218 sic,
428 4157 459 4206 ul
470 4155 607 4206 archoniis
620 4157 730 4206 nomine
742 4155 891 4222 praemisso
903 4157 1020 4220 primum
1034 4154 1111 4220 lyrici
1129 4165 1286 4220 puerorum,
1306 4155 1408 4208 deinde
1421 4157 1459 4220 ly-

276 4243 323 4292 rici
341 4243 462 4293 virorum
475 4241 560 4302 chori,
581 4245 638 4292 tum
657 4241 825 4302 comoediae,
844 4243 983 4308 postremo
1001 4241 1060 4292 loco
1079 4241 1232 4304 tragoediae
1250 4243 1351 4292 mentio
1370 4241 1457 4293 lieret.
1519 4249 1520 4254 ’

275 4327 361 4386 Quem
380 4329 469 4392 ipsum
487 4341 547 4380 esse
566 4329 694 4395 temporis
712 4327 845 4390 ordinem,
865 4341 919 4392 quo
936 4327 1084 4377 certamina
1105 4339 1135 4378 sc
1155 4327 1332 4393 excepissent,
1352 4330 1461 4379 monuit

277 4413 405 4476 Berghlus
427 4426 578 4480 provocans
602 4414 637 4464 ad
661 4414 746 4478 legem
773 4413 845 4479 apud
869 4412 1006 4464 Demosih.
1033 4413 1113 4476 XXI,
1135 4417 1180 4462 ⁴⁰:
1209 4411 1254 4464 ααὶ
1269 4415 1326 4472 τοῖς
1344 4411 1373 4466 ἐν
1390 4411 1461 4466 ἄστει

276 4493 416 4556 Διονυσίοις
433 4495 451 4566 ἡ
470 4498 561 4569 πομπὴ
579 4497 623 4552 καὶ
642 4497 666 4551 ol
684 4497 773 4557 παῖδας
795 4497 845 4563 [sel
863 4497 887 4550 ol
904 4497 993 4568 ἄνδρες
1017 4498 1081 4551 add.
1100 4499 1194 4564 Bergk]
1214 4497 1258 4551 ααὶ
1276 4496 1290 4550 ὁ
1307 4505 1398 4568 κῶμος
1416 4498 1461 4551 οιαὶ
