3110 5056
290 333 349 396 148
795 329 859 379 Pars
875 329 959 395 prior.
1393 329 1476 393 [82—

371 533 422 600 ιιαὶ
444 533 588 620 operator
609 527 800 619 ποιήσεσθαι,
826 527 935 599 καθότι
957 525 993 597 ἂν
1016 533 1072 596 ruti
1094 528 1203 618 δή)μωι
1226 534 1311 618 δοκῆι
1332 569 1475 581 ------

371 673 507 686 ------
507 637 515 718 ι

371 928 415 996 83
431 933 617 1012 Fragmenta
633 929 696 992 duc
713 929 838 992 tabulae
860 929 1025 990 marmoris
1041 929 1201 990 Pentelici.
1241 949 1262 990 u
1288 928 1328 1010 [v.
1350 930 1467 1010 4-49)

286 1038 451 1096 inventum
465 1033 597 1096 Athenis
620 1034 703 1094 inter
726 1035 882 1094 theatrum
898 1032 1009 1094 Bacchi
1025 1039 1056 1092 et
1071 1030 1186 1093 odeum
1201 1030 1346 1093 Herodis.
1386 1031 1473 1094 Edd.

285 1135 479 1200 Kumanudis
497 1131 657 1218 Ἀθηναίου
680 1137 704 1196 V
732 1155 763 1216 p.
792 1136 863 1196 404.
912 1135 1044 1196 Koehler
1070 1134 1310 1215 htittheilungen
1338 1133 1394 1197 das
1418 1153 1476 1196 ar-

285 1239 543 1318 chacologischen
566 1240 710 1300 Instituts
741 1240 774 1300 in
796 1237 899 1299 Athen
930 1239 942 1298 l
975 1235 1079 1319 (4876)
1114 1258 1147 1318 p.
1175 1237 1235 1297 ter
1259 1256 1328 1318 sqq.
1381 1237 1415 1298 G.
1444 1239 1470 1298 l.

285 1341 400 1404 Attii
430 1341 512 1404 574),
537 1377 580 1387 -
609 1323 637 1403 4
659 1340 699 1422 (v.
725 1341 862 1422 20-tt)
897 1341 1046 1402 effossum
1077 1342 1109 1401 in
1137 1359 1224 1420 arce,
1259 1339 1309 1402 ed.
1335 1341 1475 1402 Kochler

286 1446 321 1508 C.
347 1447 370 1506 i.
395 1443 460 1506 Aa.
486 1445 512 1504 il
536 1445 607 1506 trs.
655 1444 754 1506 Mitth.
780 1445 792 1504 Ι
815 1465 847 1526 p.
873 1445 947 1506 203.

586 1627 669 1695 Ἐπὶ
714 1625 900 1703 Μόλωνος
945 1622 1160 1717 ἄρχοντος).

371 1767 557 1854 Συμμαχίαῖ
588 1762 754 1852 Ἀθηναίων
777 1765 828 1832 καὶ
846 1763 998 1854 Ἀρκάδων
1024 1767 1076 1832 καὶ
1093 1763 1224 1853 Ἀχαιῶν
1254 1766 1306 1831 καὶ
1332 1763 1473 1846 ἨλΙείσιν

370 1866 421 1935 καὶ
442 1869 652 1934 ‹litostratum-
676 1861 803 1942 Ἔδοξεν
831 1875 881 1955 τῆι
911 1871 1018 1956 βουλῆι
1045 1871 1097 1936 καὶ
1127 1873 1180 1934 τῶι
1209 1865 1329 1955 triplus,
1363 1866 1474 1956 Οἰνηῖς

343 1968 600 2060 5ἐπρυτάνευιι4,
639 1967 827 2058 Ἀγάθαρχος
861 1967 1034 2060 'Archippo
1064 1969 1179 2060 'Oriiidh
1218 1968 1471 2058 ἐγραμμάτεῶεν),

371 2072 543 2148 Ξάνθιππος
562 2065 710 2161 Ἕρμειος
740 2069 910 2140 ἐπεστάτει·
943 2074 1156 2162 Πι-;)ρίσινδριις4
1181 2074 1291 2160 etrdrl·
1323 2069 1474 2149 εὔξασθαι

370 2178 423 2266 μὲν
446 2175 498 2264 τὸ)
525 2174 642 2264 κήρυκα
670 2174 777 2244 αὐτίκα
808 2173 898 2264 pluite
924 2180 980 2244 τῶι
1001 2176 1050 2244 Διὶ
1076 2185 1128 2244 τῶι
1147 2175 1311 2266 Ὀλυμπίωι
1339 2176 1390 2244 καὶ
1419 2185 1474 2264 τῆι

285 2321 440 2330 ———

352 2405 467 2455 Litterae
491 2405 597 2456 lonicae
621 2405 745 2469 volgares
774 2403 921 2468 dispositae
944 2402 1077 2474 στοιχηδὸν
1100 2407 1210 2470 praeter
1233 2417 1259 2454 v.
1280 2409 1290 2452 t
1318 2403 1471 2455 maioribus

284 2491 381 2541 titteris
398 2491 524 2543 incisum.
624 2494 634 2539 4
658 2490 697 2541 ot.
720 2492 779 2553 rot,
799 2492 813 2538 4
835 2487 916 2557 (attii
938 2504 963 2540 a.
983 2489 1067 2554 Chr).
1165 2489 1254 2550 Quum
1272 2493 1334 2555 post
1350 2503 1472 2556 pugnem

284 2576 452 2628 Leuctricam
470 2577 588 2628 Arcades
606 2589 667 2626 oum
687 2575 746 2626 aitis
765 2575 966 2640 Peloponnesiis
989 2589 1003 2626 a
1022 2576 1243 2627 Lacedaemoniis
1261 2575 1423 2626 deiecissent
1441 2581 1471 2627 et

284 2662 426 2712 Thebanos
444 2661 544 2712 auxilio
562 2665 719 2723 vocassent,
739 2661 816 2712 annis
835 2660 1041 2728 insequentibus
1058 2662 1192 2713 dissensio
1210 2665 1268 2712 crte
1286 2665 1337 2722 est,
1357 2664 1388 2711 ut
1404 2675 1470 2726 pers

284 2749 415 2799 Arcadiae
432 2747 554 2810 Tegeatis
576 2746 692 2798 ducibus
716 2748 872 2798 sociotatem
898 2746 1089 2798 Thebanorum
1112 2747 1226 2798 tirmiter
1249 2749 1366 2810 teneret,
1392 2761 1467 2813 pars,

284 2835 362 2885 ouius
381 2833 518 2897 principes
536 2833 614 2882 erant
631 2833 820 2892 Mantinenses,
842 2845 936 2882 eorum
955 2835 1101 2897 potentiam
1119 2839 1245 2884 coemere
1263 2833 1392 2893 studeret,
1413 2847 1470 2898 qua

284 2921 311 2970 in
331 2933 360 2970 re
379 2919 501 2982 inprimis
519 2916 553 2968 ab
565 2916 777 2970 Atheniensibus
795 2931 824 2969 se
842 2919 965 2970 adiutum
977 2919 1010 2968 iri
1023 2918 1176 2984 sperabant.
1205 2919 1279 2979 Quae
1297 2917 1378 2970 iactio
1395 2931 1469 2970 anuo

285 3008 334 3054 444
359 3018 383 3056 e.
404 3003 466 3055 Chr.
493 3003 519 3052 iu
543 3005 681 3054 communi
706 3005 820 3054 concilio
844 3005 979 3056 Arcadum
1004 3007 1109 3056 tantum
1126 3004 1262 3068 valuerat,
1288 3009 1318 3055 ut
1335 3017 1387 3068 pax
1403 3017 1468 3055 cum

284 3090 356 3140 Eleis
374 3087 450 3140 fieret
468 3089 559 3138 invitis
572 3089 780 3154 magistratibus.
802 3090 929 3150 Quicum
946 3093 1038 3140 contra
1056 3089 1164 3141 concilii
1181 3089 1342 3140 sententiam
1355 3089 1470 3154 Epami-

284 3175 406 3225 nondam
424 3177 602 3236 arcesserent,
622 3176 803 3227 itantinenses
821 3189 882 3226 cum
901 3173 1015 3241 reliquis
1033 3175 1155 3226 eiusdem
1173 3174 1296 3225 iectionis
1307 3173 1467 3234 Arcadibus,

283 3259 356 3323 Elei,
383 3259 482 3309 Achaei
501 3259 602 3324 iegetos
620 3259 781 3312 defoedare
801 3263 916 3313 Athenas
938 3263 1079 3312 miserunt.
1119 3261 1197 3324 (Xan.
1219 3259 1288 3311 iiail.
1308 3261 1363 3321 vlt,
1383 3265 1407 3319 4,
1430 3263 1467 3324 4).

283 3345 359 3406 Quod
379 3346 467 3410 ipsum
486 3343 595 3406 foedus,
622 3348 717 3411 paucis
740 3349 802 3398 aute
826 3348 960 3412 proelium
986 3348 1153 3398 Mentiuense
1175 3345 1273 3398 diebus
1297 3348 1397 3411 ictum,
1424 3347 1470 3396 hic

283 3443 333 3482 noe
351 3435 442 3480 tenere
459 3444 521 3482 curn
541 3433 702 3484 coniecisset
719 3432 810 3495 tium,
829 3432 954 3498 probavit
965 3433 1098 3486 Koehier:
1117 3431 1251 3497 proelium
1270 3433 1358 3496 ipsum
1377 3433 1469 3483 medio

284 3516 339 3568 iere
357 3529 450 3567 mense
468 3517 587 3581 Augusto
606 3521 655 3568 444
674 3532 700 3569 a.
719 3517 781 3571 Chr.
801 3519 977 3570 commissum
997 3531 1066 3582 csse,
1086 3518 1201 3570 Molonis
1217 3531 1302 3581 anno,
1322 3531 1377 3568 non
1396 3517 1470 3569 Che-

283 3601 387 3654 riclidis
415 3602 491 3664 (Plut.
516 3604 563 3656 vit.
588 3605 655 3656 Xer.
680 3617 707 3668 p.
728 3605 777 3654 844
795 3598 827 3657 Ε.
863 3604 974 3655 Diodcr.
994 3605 1057 3666 XV,
1077 3605 1120 3668 84)
1148 3617 1237 3668 neque
1260 3602 1468 3668 Scirophoricne

283 3701 376 3738 mense
401 3687 480 3752 (Plut.
500 3688 534 3739 de
552 3689 620 3751 gior.
638 3689 733 3739 Athen.
755 3691 853 3752 44444),
897 3689 945 3740 Cui
964 3691 1093 3756 temporis
1111 3689 1262 3741 definitioni
1286 3703 1339 3741 nou
1358 3687 1468 3740 obstare

283 3773 357 3840 quod
376 3777 444 3827 Xan.
466 3774 534 3826 fleti.
554 3775 606 3835 vn,
628 3779 653 3836 5,
674 3777 705 3824 tt
728 3775 762 3826 da
780 3789 869 3827 mesae
887 3775 1004 3838 diceret,
1031 3777 1130 3842 quippe
1153 3789 1223 3842 quaa
1247 3777 1273 3826 in
1293 3774 1397 3839 frigidis
1414 3775 1469 3826 iilis

283 3859 414 3911 Arcadiae
431 3861 534 3925 campis
552 3859 631 3910 hodie
650 3873 758 3925 quoque
777 3875 831 3911 non
849 3865 910 3912 ente
929 3862 1042 3912 alteram
1062 3864 1162 3913 mensis
1180 3862 1291 3926 Augusti
1309 3866 1414 3926 partem
1433 3861 1469 3912 ad

282 3945 365 3998 tinem
383 3946 555 4010 perducetur.
645 3949 658 3994 4
679 3945 785 3997 Phtiesii
804 3961 828 3997 a.
850 3951 899 3997 444
918 3962 942 3997 a.
962 3946 1025 3997 Chr.
1048 3959 1141 4010 pacem
1161 3959 1224 3997 cum
1243 3945 1377 3998 Thebanis
1395 3945 1471 3998 iece-

283 4035 345 4083 rant
362 4031 441 4094 (Xon.
460 4031 528 4082 Heli.
547 4031 605 4096 vlt,
625 4035 657 4094 t,
679 4032 730 4095 44).
761 4031 815 4083 Eos
839 4033 909 4083 inter
925 4033 1130 4084 Atheniensium
1148 4033 1236 4082 socios
1254 4046 1270 4082 a
1287 4031 1468 4098 Xenophonte

282 4121 425 4184 propterea
454 4131 507 4168 non
532 4119 752 4177 commemorari,
782 4119 845 4181 quia
875 4119 977 4182 proelio
1006 4119 1165 4169 Mantineuai
1190 4131 1243 4168 non
1270 4116 1467 4181 interfuissent,

284 4205 401 4254 coniecit
418 4203 541 4254 Kochler.
579 4203 617 4252 De
636 4205 752 4253 nominis
770 4203 903 4268 scriptura
927 4203 961 4255 ci.
983 4203 1018 4253 45.
1125 4206 1138 4252 4
1159 4203 1248 4253 Prima
1266 4202 1314 4254 tuit
1332 4206 1467 4270 prytanis,

283 4287 318 4340 ci.
339 4293 393 4338 not.
415 4293 439 4339 a.
512 4293 526 4338 4
547 4289 678 4354 Polyaratt
691 4287 708 4341 4.
723 4289 920 4353 Choiargensis,
941 4289 975 4340 de
993 4303 1047 4354 quc
1060 4289 1092 4340 ci.
1107 4287 1235 4340 Schaeier
1247 4289 1323 4340 Dent.
1345 4291 1355 4339 4
1374 4303 1400 4355 p.
1417 4293 1467 4340 sta

284 4375 340 4424 not.
361 4379 384 4424 e.
422 4375 461 4427 04.
483 4377 560 4436 tosa
587 4371 670 4442 (44417
690 4389 714 4426 a.
735 4373 810 4436 Chr.)
840 4374 926 4438 legem
954 4374 1017 4426 tulit
1043 4375 1076 4426 de
1104 4376 1259 4440 symmoriis
1285 4376 1470 4428 trierarchicis

288 4459 371 4524 (Dana.
390 4461 490 4524 thlt,
511 4463 552 4510 44.
590 4459 705 4522 Bocchh,
729 4459 842 4511 staateh.
863 4461 874 4510 1
892 4474 920 4526 p.
939 4461 1009 4524 444).
