3084 5052
118 326 178 390 tta]
588 325 609 377 i.
635 325 686 376 lieo
706 321 840 388 publicae.
1248 327 1311 388 419

394 411 433 418 -ι

206 527 275 597 310
304 531 397 612 Lapis
427 532 575 593 inventus
603 532 636 592 iu
666 530 793 592 Piraeeo
821 531 853 591 in
884 529 976 594 domo
1004 531 1111 612 eliqua
1133 533 1204 595 viae
1230 534 1309 616 ‘pn-

118 638 194 721 κρᾶς
216 636 333 706 στοᾶςᾶ
379 632 439 697 Ed.
465 632 662 696 Kumonudis
681 627 841 718 Ἀθηναίου
863 634 916 696 vii
938 653 971 716 p.
990 633 1064 694 387.

176 814 288 910 5Ἄχρι
308 819 372 905 τέ[ς]
388 815 471 904 Γοδὸ
493 819 586 904 τΞΙςδε
608 815 641 886 τὸ
666 811 747 902 &loro
769 819 859 906 fallea
880 821 1055 904 veellperoe.

188 1047 348 1097 Litteratnra
375 1045 486 1110 antiqua
512 1045 607 1096 Attica.
646 1045 761 1096 Litterae
788 1045 874 1110 sigma
900 1047 933 1108 (5)
961 1044 1047 1096 iormo
1072 1047 1190 1100 aetutem
1219 1049 1310 1100 medio

119 1131 229 1184 saeculo
246 1146 271 1182 e.
291 1129 355 1185 Chr.
375 1131 469 1195 quinto
489 1141 543 1182 non
562 1131 743 1181 recentiorem
761 1130 873 1182 indicat.
905 1130 984 1181 Pleno
1002 1132 1102 1196 gemini
1120 1132 1219 1200 lapidis
1238 1133 1310 1200 irog-

120 1219 243 1269 mentum
260 1228 391 1267 versuum
411 1219 486 1264 i-tt
509 1216 615 1282 priores
638 1218 728 1281 portes
751 1217 894 1266 continens
917 1217 1059 1266 inventum
1083 1219 1124 1268 eet
1142 1220 1170 1268 in
1188 1220 1309 1284 Piraeeo,

121 1301 167 1367 ,εἰς
188 1303 234 1356 τοῦ
251 1297 375 1371 Βάβουλα
401 1299 449 1370 τὴν
475 1299 592 1370 puerque
608 1298 742 1370 'Melpum
763 1299 789 1352 ἐν
812 1297 935 1370 ἀριστερᾷ
955 1298 1083 1359 εἰςιόντων
1107 1301 1144 1362 εἰς
1165 1302 1213 1374 τὴν
1236 1303 1310 1358 πόλιν

122 1387 281 1452 (Piraeeum)
309 1384 351 1439 troi
373 1389 420 1456 τῆς
442 1377 491 1438 ἀπ’
512 1381 632 1454 Ἀθηνῶν
657 1384 739 1438 lloi‘.
777 1388 807 1436 in
825 1389 944 1452 utroque
962 1387 1041 1438 titulo
1058 1384 1122 1440 dem
1141 1389 1312 1444 Komanudis

119 1473 276 1537 intellegere
295 1473 404 1524 videtur
421 1471 553 1537 oppidum
572 1472 685 1524 Piraeei.
715 1471 793 1532 Quod
811 1485 897 1536 quum
916 1471 950 1524 ab
968 1487 1018 1524 neu
1036 1477 1171 1526 aermonie
1189 1475 1310 1528 alienum

120 1561 164 1621 sii,
182 1561 219 1612 ita
235 1560 327 1625 potius
346 1557 521 1610 statuendum
541 1558 675 1620 existimo,
695 1558 812 1623 spetiem
830 1557 905 1623 quod
922 1560 993 1610 inter
1009 1558 1103 1624 longor
1116 1575 1210 1612 mnroe
1222 1575 1312 1628 usque

119 1647 154 1697 ad
171 1646 313 1696 Piraeeum
328 1643 486 1710 pertinebat,
509 1642 583 1694 urbia
602 1642 769 1696 Athenarum
786 1647 891 1709 partem
910 1643 1049 1707 eiiooieee,
1069 1647 1105 1696 ita
1122 1649 1154 1698 ut
1171 1647 1244 1711 iilic,
1264 1649 1312 1700 uhi

119 1731 146 1782 iri
164 1731 276 1782 termini
295 1730 436 1782 constituti
454 1732 540 1790 erent,
561 1729 638 1782 urhis
656 1732 683 1780 et
701 1730 804 1780 Piraeei
822 1729 939 1781 confinio
957 1735 1057 1782 eeeent.

1155 1907 1311 1916 -—

207 2017 273 2087 311
309 2021 429 2085 Tabula
465 2018 664 2084 inaedificata
693 2021 725 2082 in
754 2019 845 2084 domo
868 2023 988 2084 Piraeei
1016 2043 1113 2104 prope
1145 2026 1311 2090 ecclesium

120 2125 314 2189 catholicam.
361 2125 409 2186 Ex
431 2125 610 2205 apographo
639 2125 1000 2188 iiauvette-Besnauitii
1029 2125 1081 2188 ed.
1113 2127 1146 2190 P.
1180 2130 1311 2193 Foucert

120 2229 260 2293 Bulletin
283 2226 324 2290 de
347 2225 618 2307 correspondanee
641 2226 831 2309 Hellenique
853 2229 879 2290 V
906 2227 1011 2311 (4884)
1037 2247 1070 2310 p.
1096 2230 1171 2292 324.

180 2410 309 2498 544444
328 2412 440 2497 opp
461 2413 543 2497 cre
570 2408 669 2498 riou
690 2409 724 2478 o
741 2413 746 2500 i
761 2409 835 2500 πρὸς
862 2410 919 2498 eo
938 2414 941 2498 i
959 2415 1080 2499 tireio
1095 2409 1232 2501 ‘irenae
1253 2417 1312 2503 ee-

210 2512 339 2602 rw'oio
362 2515 449 2600 eoo

194 2741 355 2792 litteratura
373 2741 460 2791 Attice
476 2743 588 2808 propter
606 2741 644 2791 Rs
662 2737 762 2792 lormas
780 2740 871 2792 medio
889 2741 1000 2792 saeculo
1018 2753 1042 2794 a.
1063 2740 1126 2793 Chr.
1146 2743 1241 2806 quinto
1261 2755 1314 2793 non

121 2828 268 2880 recentior.
341 2825 444 2877 i'Es.
515 2821 649 2879 retu.
684 2825 877 2892 supplementa
894 2825 1019 2878 Foncarti
1038 2829 1111 2878 eunt.

617 2999 823 3009 ——-—

212 3167 244 3234 t.
275 3163 413 3234 civium
435 3165 472 3233 ei
493 3165 766 3250 peregrinorum
788 3164 941 3236 honores
963 3167 1001 3235 ei
1022 3166 1227 3253 privilegiu

211 3319 279 3388 312
302 3325 438 3386 Marmor
459 3323 627 3386 inventum
651 3322 772 3406 Cyzici,
798 3323 988 3387 translatum
1011 3323 1317 3408 Constantinopolim

125 3431 158 3490 io
182 3446 328 3490 museum
351 3425 511 3489 societatis
534 3423 671 3488 Graecae
694 3425 913 3508 philologicee.
962 3424 1041 3488 Edd.
1074 3429 1101 3488 J.
1128 3429 1165 3489 Η.
1191 3429 1316 3492 ilordt-

124 3548 222 3594 mann
238 3530 372 3592 Hermae
387 3528 442 3590 XV
456 3549 490 3610 p.
505 3529 545 3590 tt
562 3547 635 3610 sqq.
670 3529 707 3590 ii.
726 3527 825 3590 Roohl
840 3530 863 3590 i.
882 3529 918 3592 G.
937 3527 975 3590 Α.
995 3529 1067 3608 itti,
1094 3539 1207 3611 ectypo
1224 3533 1317 3593 ohar-

122 3644 212 3696 teoeo
233 3651 321 3696 usus.

210 3796 363 3897 [uf-cqc
386 3799 420 3865 ti
447 3793 564 3886 orrsslqv
586 3795 676 3886 τήνδε
696 3795 781 3874 πόλις
804 3797 926 3888 ΜΙανῆι
950 3801 1046 3868 ἔδωκε
1066 3805 1123 3866 τῶι
1144 3797 1315 3887 Μεδίκῖεωζ.

128 3941 438 3951 —2——a-——n—-n

197 4025 228 4078 v.
250 4031 274 4076 4.
295 4028 310 4074 i
335 4025 433 4076 litteris
451 4025 549 4076 ionioie
571 4027 690 4091 antiquis
714 4023 903 4096 βουστροφηδὸν
922 4027 1022 4078 exarati
1041 4027 1117 4088 suni,
1144 4025 1242 4092 reliqui
1272 4039 1319 4078 ees

127 4111 278 4163 litterarum
298 4109 397 4161 tormer
416 4109 518 4160 habent
536 4123 606 4176 quae
624 4111 716 4178 peullo
734 4117 796 4164 ante
814 4113 921 4164 initium
939 4124 1020 4163 aereo
1038 4110 1206 4162 Christianae
1226 4113 1252 4162 in
1265 4123 1319 4163 neu

127 4201 212 4259 erant,
242 4197 344 4250 ΑΞΠΣ.
381 4197 525 4262 Antiquior
550 4197 661 4262 titulus,
690 4199 758 4250 eexti
784 4212 808 4249 a.
835 4199 898 4251 Chr.
918 4211 945 4248 n.
972 4197 1088 4259 saeculi,
1117 4209 1180 4246 cum
1208 4200 1320 4262 propter

126 4285 289 4334 vetustatem
307 4295 362 4334 noo
381 4284 436 4334 iam
454 4283 597 4335 commode
616 4283 668 4349 legi
685 4287 790 4350 posset,
816 4283 850 4335 ab
868 4285 909 4335 eie
927 4295 1045 4348 quorum
1063 4283 1191 4332 intereret
1208 4281 1319 4347 privile-

127 4371 231 4434 giorum
256 4367 365 4420 iliorum
389 4369 551 4420 memoriam
575 4381 629 4419 non
654 4370 829 4434 intercidere,
861 4370 888 4420 in
918 4367 1046 4419 inieriore
1072 4367 1197 4418 eiusdem
1223 4367 1320 4433 lapidis

127 4457 203 4521 parte
220 4455 362 4506 restitutos
380 4457 430 4505 eet.
515 4457 525 4503 4
548 4455 605 4506 iota
623 4457 730 4506 mutum
748 4455 901 4506 dativorum
920 4455 946 4504 in
966 4454 1072 4505 lonicae
1089 4453 1198 4505 dieieeti
1219 4466 1321 4504 monu-

1061 4555 1111 4606 ii*
