3138 5050
254 319 274 378 4
765 311 829 362 Pars
847 313 931 376 prior.

268 522 306 580 ll.
333 512 605 600 .lua[edlo{t]pdu[toti
874 517 922 578 lv.
950 511 1091 599 Μεγαρές

331 619 526 706 Ἄθ[α]ν[α]ζο]ι
946 611 1136 702 Ἐπιδαύριοι

335 722 494 811 Κορίνθιοι
807 735 822 783 5
947 715 1167 804 Ἔρχομένιοι4

464 845 617 854 -.-.-
849 823 852 877 ι
1082 843 1236 849 ——

256 901 307 960 lli.
333 894 517 980 Τεγεᾶήαι]2
891 893 927 952 V.
952 885 1129 954 <bitettinum⁵

337 993 511 1062 Xeiruo'utot³
884 1049 887 1056 .
953 987 1135 1078 Τροζάνιοι6

338 1099 498 1184 Αἰγινᾶται
952 1093 1100 1180 Ερμιονές
1153 1133 1154 1136 =

467 1221 619 1230 ....-—--—
1085 1217 1237 1224 -----

261 1309 413 1318 ...μ-..-

260 1360 364 1408 ahenea
387 1356 512 1407 columna
532 1355 644 1419 Delphis
668 1355 767 1404 mansit
793 1354 859 1403 dum
878 1367 893 1403 a
912 1353 1087 1403 Constantino
1106 1365 1203 1416 magno
1225 1351 1454 1414 Constantinopo-

260 1445 307 1493 lim
327 1443 416 1494 delata
434 1445 475 1492 est
497 1441 669 1504 (sozomenus
688 1439 748 1488 hiat.
770 1438 836 1488 ecel.
857 1439 889 1498 ll,
905 1441 930 1488 5.
967 1438 1089 1487 Socrates
1108 1437 1172 1488 hist.
1192 1436 1258 1488 eccl.
1279 1437 1298 1496 l,
1317 1435 1370 1496 46).
1410 1434 1451 1484 ihi

260 1542 275 1578 a
295 1528 403 1579 saeculo
422 1526 606 1577 sextodecimo
624 1524 752 1588 permulti
771 1525 985 1589 peregrinatores
1003 1523 1160 1574 columnam
1172 1521 1307 1584 viderunt,
1327 1520 1452 1584 descrip-

260 1593 363 1677 sem'nt,
383 1611 592 1662 delineaverunt
611 1609 699 1671 <Pristi
717 1623 744 1674 p.
761 1611 809 1658 549
822 1609 909 1672 sqq.);
937 1622 968 1658 ex
987 1609 1087 1672 quibus
1107 1608 1247 1672 plerique,
1272 1607 1452 1670 inscriptione

262 1698 382 1748 nondum
401 1697 559 1761 conspicue,
589 1707 642 1744 non
662 1693 870 1754 dubitaverunt,
896 1693 961 1757 quin
986 1692 1039 1744 hoc
1063 1697 1136 1744 esset
1157 1695 1245 1758 ipsum
1265 1693 1333 1742 illud
1351 1705 1454 1742 monu-

262 1785 383 1834 mentum
408 1782 564 1832 Plataicum.
606 1781 666 1828 Post
691 1781 795 1828 erutam
822 1779 1024 1843 inscriptionem
1048 1779 1230 1830 dubitationes
1248 1777 1282 1828 ab
1306 1777 1337 1828 E.
1358 1777 1453 1828 Curtio

265 1870 347 1931 [Geli.
361 1867 418 1917 Gel.
432 1868 498 1916 huz.
514 1869 589 1928 t86l,
610 1865 673 1914 Dec.
689 1865 731 1925 ts)
751 1866 840 1914 motae
858 1863 1009 1914 luculenter
1022 1863 1152 1915 refutatae
1165 1867 1228 1915 sunt
1242 1877 1305 1914 cum
1319 1877 1334 1913 a
1347 1863 1454 1913 Friclrio

262 1957 319 2004 tum
338 1953 372 2002 ah
391 1952 451 2002 aliis
473 1951 609 2015 (Gottling,
631 1949 813 2000 Gesammelte
832 1949 1045 2012 abhandlungen
1065 1951 1095 2010 ΙΙ,
1118 1963 1144 2014 p.
1160 1953 1188 1998 74
1204 1961 1264 2013 sqq.
1302 1947 1453 2008 liirehhoil,

261 2038 373 2088 Studien
399 2050 447 2086 zur
464 2035 625 2088 Geschiohte
649 2035 698 2085 des
716 2035 818 2097 grieoh.
839 2034 985 2099 Alphabets
1003 2048 1031 2099 p.
1047 2037 1078 2084 98
1098 2033 1141 2084 ed.
1159 2038 1196 2094 Ξ).
1215 2061 1251 2070 -
1274 2033 1314 2083 Ex
1333 2035 1455 2084 nomini-

263 2123 316 2172 bus
336 2125 512 2172 monumento
524 2121 641 2172 Plataico
657 2121 748 2170 incisis
762 2119 890 2172 Herodot.
906 2121 975 2180 Vlll,
993 2124 1026 2170 82
1044 2123 1241 2170 commemorat
1252 2119 1358 2179 Tenios,
1378 2118 1456 2168 Thu-

265 2207 378 2272 cydides
398 2209 439 2268 lli,
457 2211 486 2256 57
508 2206 691 2271 Plataeenses;
717 2217 732 2253 a
752 2205 895 2255 Plutarcho
913 2206 1014 2269 passim
1034 2207 1209 2255 nominantur
1226 2205 1344 2268 Cythnii,
1371 2205 1454 2266 Meni,

266 2293 384 2357 Siphnii‚
412 2292 633 2352 Lacedaemonii,
660 2289 851 2351 Athenienses,
878 2290 1026 2353 Corinthii;
1052 2303 1114 2340 nam
1139 2303 1202 2340 eum
1221 2303 1330 2354 quoque
1349 2289 1383 2340 de
1402 2290 1456 2340 hoc

265 2380 324 2443 ipso
342 2381 518 2428 monumento
537 2377 654 2440 cogitare
673 2375 793 2425 Prinkiua
816 2380 890 2426 recte
914 2377 1014 2426 statuit.
1052 2375 1090 2424 Ea
1109 2375 1220 2426 nomina
1239 2377 1327 2426 omnia
1347 2375 1392 2426 hic
1412 2390 1456 2425 re-

267 2464 361 2515 deunt.
398 2465 485 2528 Atque
504 2464 530 2512 in
549 2461 608 2512 basi
627 2461 697 2511 lovis
715 2461 811 2511 eodem
830 2465 951 2524 tempore
976 2461 1126 2525 eademque
1149 2461 1184 2510 de
1207 2473 1288 2511 causa
1312 2475 1327 2510 a
1346 2461 1458 2512 Graecis

268 2549 421 2613 Olympiam
440 2547 557 2598 dedicati
575 2547 669 2610 viginti
688 2549 790 2609 septem
810 2547 918 2596 nomina
937 2547 1022 2596 incisa
1040 2549 1183 2596 enumerat
1200 2547 1346 2596 Pausanias
1365 2547 1396 2608 V,
1413 2550 1455 2606 in,

270 2640 293 2682 t.
307 2637 331 2692 2,
343 2646 412 2697 quae
426 2634 517 2682 omnia
529 2631 574 2681 hic
586 2644 695 2695 quoque
708 2633 821 2692 exstant,
836 2631 885 2680 sed
899 2631 1032 2682 accedunt
1044 2633 1170 2694 quattuor
1181 2631 1281 2696 quihus
1293 2645 1457 2682 monumen·

268 2723 324 2768 tum
345 2719 514 2782 Olympicum
538 2716 661 2780 carebat,
685 2716 906 2782 Thespiensium,
927 2716 1131 2778 Eretriensium,
1154 2717 1359 2778 Leucadiorum‚
1381 2718 1459 2782 Siph-

270 2806 386 2854 niorum.
425 2803 569 2866 Plerosque
594 2814 628 2851 ex
651 2801 694 2851 his
718 2801 826 2865 populis
845 2802 872 2850 in
891 2814 923 2851 eo
949 2803 1071 2852 exercitu
1089 2799 1187 2863 luisse,
1214 2803 1259 2866 qui
1284 2802 1318 2853 ad
1337 2801 1459 2853 Plataeas

270 2889 473 2952 depugnarent,
494 2889 542 2938 etsi
561 2899 614 2936 non
634 2897 729 2936 omnes
748 2887 799 2950 ipsi
817 2899 921 2950 pugnae
941 2885 1124 2947 interfuerint,
1145 2890 1259 2951 apparet
1277 2901 1309 2937 ex
1328 2887 1457 2939 Herodoti

271 2975 423 3024 narratione
443 2975 488 3034 lx,
504 2976 546 3023 28.
583 2973 693 3022 Pmeter
711 2971 760 3020 hos
779 2971 806 3019 in
824 2975 1001 3021 monumento
1020 2984 1074 3021 non
1090 2974 1196 3021 exstant
1208 2973 1260 3022 nisi
1273 2973 1458 3024 insulanorum

270 3058 442 3123 quorundam
456 3059 573 3120 nomina,
589 3057 703 3108 Ceorum
717 3055 857 3106 Mallorum
871 3056 1016 3106 Teniorum
1029 3057 1177 3108 Naxiorum
1189 3057 1366 3122 Cythniorum
1381 3060 1461 3124 Siph-

272 3146 389 3194 niorum.
427 3144 499 3203 Quos
517 3155 613 3193 omnes
637 3144 742 3191 constat
765 3155 870 3205 pugnae
888 3141 1047 3193 Salaminiae
1072 3141 1226 3194 interluisse
1248 3143 1366 3204 (Herodi.
1388 3147 1457 3204 Vlll,

273 3233 313 3282 ts,
337 3231 388 3291 ts),
409 3229 444 3278 ad
462 3231 606 3293 utramque
625 3231 715 3277 eutem
735 3227 873 3277 victoriam
899 3227 951 3278 hoe
975 3231 1180 3278 monumentum
1205 3227 1379 3279 referendum
1400 3243 1460 3282 esse

271 3315 433 3380 personatus
452 3313 648 3364 Demosthenes
667 3313 737 3374 LIX,
759 3315 789 3360 et
814 3315 937 3363 testatur.
975 3313 1169 3364 Desiderantur
1193 3327 1258 3363 sane
1282 3327 1316 3364 ex
1339 3319 1459 3366 exercitu

272 3399 420 3449 Plataeensi
440 3401 566 3450 Palenses
583 3397 772 3463 Cephallaniae
791 3402 817 3446 et
835 3399 1017 3448 Mantinenses
1042 3399 1076 3460 (v.
1097 3402 1153 3448 not.
1168 3399 1203 3461 9),
1225 3411 1258 3449 ex
1280 3399 1366 3450 classe
1385 3403 1462 3452 Sala-

274 3485 356 3534 minia
375 3485 499 3549 Seriphii‚
520 3485 614 3534 civitas
633 3485 744 3533 minima
763 3486 790 3534 et
807 3482 968 3534 humillima.
1041 3488 1050 3532 l
1073 3484 1213 3548 Supplevit
1231 3483 1349 3550 Gdltling
1368 3499 1396 3551 p.
1418 3491 1460 3548 ts,

276 3571 322 3634 qui
341 3570 414 3633 quod
428 3570 547 3620 Frickius
566 3575 693 3632 posuerat
704 3563 851 3622 Ἀπόλλωνι
869 3567 948 3633 illaleh
967 3564 1107 3637 dlieidqlpa
1124 3573 1174 3619 τῶν
1190 3562 1336 3634 [Ἑλλάνων]
1355 3572 1384 3622 id
1398 3571 1461 3622 terri

273 3654 348 3704 nullo
367 3655 448 3705 modo
466 3667 545 3718 posse
564 3655 767 3706 demonstravit.
855 3660 870 3704 t
889 3658 1000 3720 propter
1017 3655 1144 3704 eximiam
1163 3657 1291 3706 virtutem
1313 3657 1340 3705 in
1365 3659 1462 3708 castris

275 3739 406 3790 Mandonii
425 3741 610 3805 expugnandis
629 3741 774 3791 exhibitam
793 3740 838 3790 hie
856 3740 967 3791 honoris
990 3739 1066 3789 locus
1090 3741 1192 3789 civitati
1218 3741 1349 3791 mediocri
1375 3743 1462 3793 trihu-

275 3831 318 3875 tus
341 3825 449 3875 videtur
473 3825 518 3888 (ci.
538 3825 666 3876 Herodot.
692 3827 738 3889 lx,
760 3827 812 3888 iit).
886 3828 899 3873 t
921 3820 1024 3876 Σειυὼν
1044 3826 1161 3876 nominis
1178 3824 1293 3876 iormam
1306 3827 1464 3892 Apollonius

276 3912 310 3961 de
334 3911 394 3960 adv.
418 3915 480 3970 tte,
503 3915 516 3959 t
542 3912 607 3976 ipsis
625 3911 721 3962 ineolis
738 3911 933 3974 frequentatam
953 3913 1080 3970 testatum
1107 3911 1180 3974 qnod
1204 3911 1383 3976 comprobant
1401 3927 1462 3964 eum

277 3997 382 4046 nummi
402 3997 444 4047 ΣΕ
463 3996 593 4060 inscripti,
614 3999 672 4046 tum
690 3997 784 4048 titulus
802 3995 959 4061 sepulcralis
978 3996 1025 4046 ubi
1044 3995 1140 4060 legitur
1156 3990 1335 4059 [Spectantes
1350 3999 1464 4049 llermae

277 4081 336 4131 Xlll
355 4095 379 4145 p.
397 4085 456 4132 tto.
530 4085 542 4130 i
562 4083 691 4143 Arcades,
711 4095 828 4146 quorum
841 4095 954 4133 nummo
967 4082 1125 4146 inscriptum
1138 4085 1179 4132 est
1192 4083 1229 4132 ΕΡ
1242 4083 1359 4144 (Curtius
1372 4085 1463 4148 Pelop.

278 4167 287 4215 l
301 4180 327 4230 p.
342 4167 417 4228 228);
440 4165 657 4230 frequentissima
669 4168 764 4218 eadem
778 4167 862 4218 iorma
875 4170 902 4218 in
915 4169 1068 4232 cognomini
1081 4167 1148 4218 urhe
1162 4169 1294 4218 Boeotiae.
1357 4173 1371 4219 t
1391 4170 1465 4220 Hanc
1536 4229 1537 4232 Ἴ

278 4263 359 4300 unam
386 4253 547 4316 scriptumm
575 4253 649 4302 novit
674 4255 810 4318 antiquior
827 4258 916 4316 aetas,
942 4266 968 4304 v.
990 4267 1016 4303 n.
1038 4257 1078 4302 tt.
1100 4257 1141 4302 tit.
1163 4257 1222 4301 ill.
1260 4253 1338 4315 lloss,
1370 4255 1465 4306 Reisen
1536 4239 1537 4294 i

278 4337 335 4387 und
354 4336 528 4388 lieiserouten
553 4338 589 4387 im
612 4337 776 4404 Peloponnes
794 4353 821 4405 p.
843 4343 884 4390 ts.
958 4335 1126 4408 θΤροζήνιοι
1145 4339 1174 4389 C.
1195 4340 1215 4387 l.
1235 4339 1267 4389 G.
1289 4342 1347 4390 tot.
1385 4339 1463 4390 Aroh.

279 4423 342 4472 hnz.
365 4425 440 4473 tent.
460 4436 487 4487 p.
503 4421 552 4472 8⁴*
575 4423 650 4487 (quae
669 4425 757 4475 attulit
775 4425 902 4486 Curtius).
940 4419 1077 4492 ’Athenion
1096 4425 1116 4472 V
1134 4439 1161 4490 p.
1178 4428 1227 4475 ΜΞ
1240 4437 1266 4474 n.
1283 4427 1307 4474 6.
1328 4427 1378 4475 tas
1398 4439 1425 4474 n.
1441 4429 1466 4474 7.
1536 4451 1537 4460 ι
