3110 5056
254 333 315 394 268
773 328 836 378 Para
853 330 936 392 prior.
1376 327 1437 391 [474

338 530 435 597 πάντα
463 529 500 595 τὰ
522 533 553 594 ἐν
576 535 626 615 τῆι
647 526 805 615 ὁμολογίαι
829 531 1033 616 γεγραμμένα,
1057 528 1109 594 καὶ
1137 527 1170 595 τὸ
1198 525 1339 616 ψήφισμα
1367 527 1441 594 τόδε

296 652 328 702 30
339 630 543 721 ἀναγραφήτω
564 629 640 698 κατὰ
662 629 710 698 τὸν
733 629 837 716 νόμον·
868 627 1072 718 ἀναγραφήτω
1095 631 1128 696 δὲ
1150 629 1207 716 κίαί
1235 633 1285 715 είς]
1299 632 1310 718 u
1324 629 1439 717 στήλας

339 740 381 810 είς
404 730 441 809 τῖς
463 733 514 800 καί
535 731 554 820 ἡ
579 733 722 822 ὁμολογία
745 728 1001 822 ἀναγραφήσεται·
1027 731 1239 800 καλεσάτωσαν
1263 734 1296 800 δὲ
1320 737 1348 800 οί
1368 737 1439 800 ἐπι-

340 837 440 926 μήνιοι
461 844 512 923 τῆς
536 839 664 924 βουλῆς9
690 833 741 901 καί
762 832 829 908 τούς
851 834 1033 924 πρεσβευτὰς
1055 834 1123 910 τούς
1144 838 1435 922 παραγενίομένυυςίΙ

339 947 372 1027 ἐγ
403 941 579 1027 Μαγνησίας
608 937 657 1005 ἐπί
687 935 819 1023 ξενισμὸν
847 941 889 1012 είς
918 935 950 1004 τὸ
978 941 1166 1024 πρυτανεῖον·
1206 941 1267 1012 τοῖς
1294 939 1328 1004 δὲ
1358 937 1439 1006 ἀπο-

338 1045 525 1130 δειχθείῖίσιμ
550 1043 743 1128 πρεσβευταῖς
774 1035 851 1104 δότω
878 1037 1017 1126 μεθόδιον
1045 1039 1195 1114 Καλλῖνος
1220 1039 1236 1106 ὁ
1265 1042 1374 1126 ταμίας
1402 1041 1438 1108 τὸ

338 1151 373 1213 ἐκ
398 1153 451 1212 τοῦ
476 1141 583 1230 [νόμου]
605 1145 609 1230 ί
631 1140 748 1230 ἡμερῶν
777 1137 855 1208 ὁσων
886 1137 921 1208 ἂν
944 1140 960 1208 ὁ
983 1147 1076 1228 δῆμος
1105 1139 1190 1229 τσίὶηι
1219 1140 1277 1210 ἀπὸ
1299 1151 1358 1208 τῶν
1382 1149 1437 1230 τῆς

338 1245 455 1321 πόλεως
476 1246 641 1334 προςόδων·
670 1241 783 1331 ἡμέραι
806 1240 961 1331 ἐτόγησαμ
974 1247 1071 1328 πέντε,
1096 1247 1274 1333 πρεσβευταί
1290 1243 1439 1334 ἀπεδείχ-

339 1354 436 1436 θησαν
452 1345 633 1434 Φανόδημος
649 1347 855 1430 Μινίίωνοςίίθ,
877 1349 880 1434 ί
898 1343 1051 1421 Διονύσιος
1066 1349 1207 1430 Διονυτᾶ,
1227 1349 1438 1436 Παρμενίσκος

343 1453 475 1518 Πυθέου.

422 1552 494 1620 Ἐπί
519 1554 622 1641 ἱερέως
636 1550 792 1638 Ἡγησίου,
819 1549 1081 1639 στεφανηφόρουίί
1103 1553 1136 1618 δέ
1153 1552 1347 1640 Πυθοδώρου,
1375 1581 1438 1640 μη-

339 1655 386 1731 νὸς
403 1660 582 1743 Ληναιῶνος,
608 1651 722 1741 όγαθῆι
744 1649 846 1740 τύχηι·
877 1654 925 1719 ἐπί
947 1659 1046 1720 τοῖσδε
1068 1657 1224 1721 συνέθεντο
1247 1653 1308 1742 τημ
1330 1657 1436 1744 φιλίαν

297 1775 329 1826 35
342 1760 517 1846 Σμυρναῖίοθ
531 1759 541 1845 ss
554 1782 586 1822 τε
608 1755 659 1821 καί
681 1758 710 1820 σί
732 1757 771 1842 ἐμ
792 1754 968 1840 Μαγνησίαι
990 1753 1124 1824 κοίτοικοι
1145 1758 1177 1824 οί
1196 1783 1229 1824 τε
1250 1757 1327 1824 κατὰ
1348 1757 1437 1826 πόλιν

341 1865 437 1935 ἱππεῖς
459 1859 509 1927 καί
530 1859 614 1932 πεζοί
635 1859 686 1924 καί
709 1861 738 1923 οἱ
760 1860 791 1924 ἐν
814 1861 874 1931 τοῖς
897 1855 1053 1946 ὑπαίθροις
1075 1859 1127 1926 καὶ
1148 1863 1177 1926 οί
1200 1854 1286 1926 ἄλλοι
1301 1864 1434 1948 οίκηταί,

338 1964 391 2029 καί
404 1961 465 2050 τίγμ
477 1961 626 2028 πολιτείαν
641 1961 756 2027 ἔδωκαν
770 1969 774 2046 Ι
789 1961 953 2048 Σμυρναῖοι
965 1965 1026 2036 τοῖς
1042 1967 1080 2048 ἐμ
1097 1961 1271 2048 Μαγνησίαι
1286 1965 1438 2040 κατοίκοις

339 2069 400 2140 τοῖς
421 2091 453 2132 τε
475 2062 553 2131 κατὰ
573 2062 670 2148 πόίλίιν
695 2066 813 2130 ἱππεῦσι
834 2064 886 2128 καί
913 2067 1011 2138 πεζαῖς
1040 2066 1174 2138 καὶτοῖς
1197 2064 1355 2153 ὑπαίθροις
1384 2067 1437 2133 καί

337 2172 399 2242 τοῖς
421 2171 537 2234 οἰκοῦσι
552 2179 556 2251 Ι
573 2165 633 2252 τὴμ
653 2163 749 2246 πόλιν,
775 2163 826 2252 ἐφ’
861 2162 933 2232 δτωι
952 2165 1013 2252 τὴμ
1035 2167 1088 2252 μὲν
1111 2169 1283 2256 συμμαχίαν
1306 2169 1358 2234 καί
1380 2167 1436 2256 τὴν

339 2265 456 2338 εόνοιαν
482 2269 534 2357 τὴν
562 2273 604 2344 εἰς
633 2267 670 2334 τὰ
696 2264 857 2356 πράγματα
885 2265 922 2334 τὰ
949 2275 1001 2335 τοῦ
1025 2272 1171 2357 βασιλέως
1194 2267 1342 2336 Σελεύκου
1365 2276 1435 2337 δια-

338 2371 517 2462 τηρήσσυσιν
540 2375 568 2438 οἱ
590 2375 629 2457 ἐμ
645 2373 649 2458 Ι
667 2370 842 2456 Μαγνησίαι
863 2375 916 2436 τῶι
933 2375 1050 2460 βασιλεῖ
1065 2369 1217 2438 Σελεύκωι
1239 2371 1312 2458 μετὰ
1333 2371 1436 2460 πάσης

337 2479 506 2564 προθυμίας
536 2477 578 2549 είς
609 2470 724 2541 ἅπαντα
745 2470 795 2539 τὸν
816 2470 943 2560 χρόνον,
975 2475 1026 2540 καὶ
1053 2467 1111 2540 όσα
1138 2475 1327 2562 παρείληφαν
1350 2475 1436 2564 παρὰ

336 2587 388 2646 τοῦ
411 2581 557 2666 βασιλέως
573 2574 721 2643 Σελεύκου
743 2573 925 2663 φυλάξαντες
941 2579 946 2663 ί
964 2579 1006 2651 εἰς
1029 2574 1151 2663 δύναμιν
1175 2575 1319 2664 εἶναιτὴν
1335 2576 1434 2645 αὸτῶν

339 2679 541 2748 ἀποδώσουσιν
573 2685 629 2746 τῶι
664 2681 781 2766 βασιλεῖ
812 2675 984 2766 Σελεόκινίι·
1028 2676 1258 2764 πολίιτεύσονται
1290 2681 1324 2746 δὲ
1358 2681 1436 2768 μετὰ

296 2803 329 2851 40
341 2784 517 2871 Σμυρναίων
550 2781 627 2848 κατὰ
658 2780 727 2855 τούς
759 2787 810 2868 τῆς
840 2778 957 2856 πόλεως
989 2781 1097 2869 νόμους
1111 2783 1122 2870 ίΙ
1134 2781 1354 2867 [ἀίστασιόστως
1382 2783 1435 2850 τόν

339 2882 428 2952 αὐτὸν
461 2883 574 2974 ἐχθρὸγ
601 2885 653 2950 καί
679 2885 765 2972 φίλον
798 2880 961 2970 ἡγούμενοι
988 2885 1188 2972 Σμυρναίοίις
1221 2884 1370 2971 ὀμίοδνται
1399 2889 1435 2953 δὲ

338 2989 389 3054 καί
416 2990 444 3053 υί
473 2993 511 3074 ἐμ
533 2987 708 3073 Μαγνησίαι
729 2987 907 3074 Σμυρναίοις
933 2989 984 3053 καί
1007 2989 1172 3075 Σμυρναῖοι
1197 2991 1257 3062 τοῖς
1284 2991 1341 3074 ἐμί
1361 2989 1437 3056 Μα-

338 3093 458 3176 γνησίαι
485 3086 622 3177 ἑκάτεροι
652 3087 748 3155 αὐτῶν
776 3087 825 3154 τὸν
854 3081 942 3176 ὁρκον
971 3087 1021 3156 τὸν
1052 3093 1083 3156 ἐν
1106 3097 1156 3176 τηι
1177 3087 1336 3176 ὁμολογίαι
1358 3089 1435 3157 ὁπο-

338 3195 567 3280 γίείγραμμένον·
596 3193 845 3258 συντελεσθέντων
869 3191 902 3255 δέ
923 3199 978 3257 τῶν
1000 3185 1097 3280 ὁρκων
1123 3191 1160 3258 τὰ
1183 3192 1235 3277 μὲν
1258 3191 1436 3280 ἐγκλήματα

339 3293 448 3382 αόΙτοῖς
473 3293 511 3361 τὰ
537 3297 721 3382 γεγενημένα
747 3292 824 3360 κατὰ
849 3291 906 3379 τὸμ
932 3293 1061 3381 πόλεμον
1090 3289 1178 3382 ἤρθω
1198 3291 1295 3362 πάντα
1316 3294 1367 3360 καί
1390 3297 1434 3383 μὴ

338 3401 446 3470 ἐξέστω
470 3399 558 3484 μηίδίὲ
580 3400 691 3484 ἑτέροις
713 3399 875 3482 ἐγκαλέσαι
895 3396 962 3484 περί
981 3403 1043 3484 τῶγ
1065 3396 1142 3464 κατὰ
1163 3396 1213 3462 τόν
1234 3395 1364 3483 πόλεμον
1379 3425 1434 3484 γε·

338 3503 507 3588 γενημένων
532 3497 605 3586 μήτε
622 3502 626 3585 ί
643 3497 694 3566 διὰ
716 3501 800 3585 δίκης
829 3496 904 3584 μήτε
932 3497 1001 3566 κατ’
1035 3494 1123 3568 όλλον
1150 3501 1264 3588 πρόπαρ
1292 3501 1427 3586 μηθένα·

337 3606 364 3669 εἰ
386 3605 419 3668 δέ
443 3601 494 3690 μή,
519 3606 591 3687 [aba
613 3601 646 3668 τὸ
661 3599 874 3688 ἐπιφερόμενον
890 3603 1026 3689 ἔγκλημα
1042 3597 1150 3690 ἄκυρον
1167 3605 1258 3668 ἔστω·
1288 3599 1434 3669 δεδόσθαι

339 3707 372 3773 δέ
393 3711 454 3780 τοῖς
476 3711 515 3792 ἐμ
537 3705 711 3791 Μαγνησίαι
732 3707 928 3790 κατοίκίοιςίί,
958 3709 1018 3780 τοῖς
1045 3731 1077 3770 τε
1104 3703 1182 3772 κατὰ
1203 3703 1288 3772 πόλιν
1314 3707 1434 3772 ίππεδσι

322 3937 337 3981 9
355 3931 473 3982 Eosdem
491 3931 615 3994 intellego
633 3931 679 3994 qui
698 3931 808 3982 Athenis
831 3935 858 3981 ει
880 3931 943 3982 alibi
961 3935 1087 3996 prytanas
1109 3931 1222 3981 audiunt
1249 3929 1292 3994 (cf.
1314 3935 1372 3993 456,
1393 3937 1431 3992 4,,

252 4017 304 4068 etsi
322 4017 473 4068 Boackhiua
491 4019 530 4068 sic
545 4017 629 4081 accipi
648 4015 747 4067 debaro
765 4020 845 4081 negat
862 4021 890 4066 ει
907 4015 1071 4068 sacrificulos
1083 4022 1236 4067 menstruos
1247 4015 1362 4068 indican'
1375 4021 1434 4068 ata-

253 4105 314 4154 4υί4.
351 4103 494 4168 Utramque
524 4101 747 4166 significationem
776 4115 840 4153 εουε
870 4104 959 4154 inesse
987 4103 1015 4151 ia
1047 4103 1099 4154 hac
1125 4115 1191 4152 voca
1221 4103 1286 4154 satis
1315 4105 1430 4154 constat.
1542 4123 1543 4133 ι

254 4193 284 4237 4ο
303 4188 445 4253 Supplevit
461 4187 578 4248 Bocckh,
603 4200 714 4238 moneas
732 4189 910 4252 Smyrnaeum
934 4201 1031 4239 noman
1056 4199 1115 4238 εεεε
1141 4189 1179 4250 46.
1200 4189 1220 4237 1.
1242 4189 1272 4238 G.
1293 4190 1359 4236 4444
1378 4182 1434 4240 Μι-

251 4271 314 4324 κίων
325 4269 522 4342 Μητροδώρου).
545 4269 680 4330 Μίκκωνος
693 4273 834 4324 Chandler.
909 4277 935 4323 44
952 4275 1162 4336 Smyrnaeorum
1174 4273 1246 4323 hunc
1263 4285 1433 4337 cponymum

252 4371 312 4410 εεεε
331 4361 486 4410 conminus
504 4373 585 4422 quam
603 4359 769 4408 sacerdotem
787 4361 834 4423 qui
852 4360 940 4422 priore
960 4359 1019 4408 loco
1037 4361 1276 4420 commemoratur,
1298 4371 1352 4408 υυο
1365 4372 1433 4408 vcro

253 4445 415 4508 Magnetum,
436 4445 539 4496 monuit
557 4445 585 4494 B.
