3084 5052
599 337 618 388 l.
644 337 694 388 ltee
712 337 844 404 publicae.
1255 341 1318 405 437

212 540 335 623 ἔθυσαν]
359 537 408 628 ἐφ’
440 535 563 626 ύγψεψαι
590 537 642 606 καί
668 539 815 626 σωτηρίαι
840 545 892 626 τῆς
924 543 1034 628 βουλῆς
1063 543 1116 608 καί
1143 548 1196 609 τοῦ
1218 539 1316 630 δήμου

210 645 270 727 [τού
288 639 472 729 Ἀθηναίων·
505 637 670 730 ἐπιγράψαι
698 642 733 708 δλ
755 641 807 708 καί
828 640 862 709 τὸ
884 643 1070 730 ψνίρισψμαη
1090 642 1165 712 καθ’
1192 639 1208 712 ὃ
1232 649 1317 712 δατε-

214 742 343 832 φανάθη
366 739 386 830 ἡ
412 741 505 832 βουλὴ
526 741 614 830 Murro
635 747 689 810 τού
712 741 809 832 δήμου
831 748 863 811 δν
885 747 943 831 τίῆι
956 747 987 810 ἐν
1002 742 1148 814 Διονύσου
1159 753 1185 796 ¹³
1206 751 1317 836 ἐκκλη-

213 847 285 928 σίαι,
311 843 425 920 δάξασα
446 849 548 920 καλῶς
570 847 818 932 δπιμεψμελῆσθαι
839 853 892 934 τῆς
907 845 1070 934 εὐκοσμίας
1091 853 1144 936 τῆς
1165 851 1242 938 περί]
1262 849 1316 938 τὴν

157 970 161 976 “
213 947 318 1036 ίοριῆν
340 953 393 1016 τοῦ
415 946 562 1016 Διονύσου
583 950 643 1034 roff)
648 985 833 1000 ········
832 951 841 1035 ]

210 1135 432 1226 [Κηφιψσοφῶίν]
452 1135 621 1224 Καλλιβίου
644 1134 808 1212 Παιανιεύς
818 1141 842 1184 ¹⁴
872 1137 967 1204 εἶπεν·
1000 1135 1104 1224 ἐπειδὴ
1133 1134 1153 1225 ἡ
1178 1136 1314 1226 βυυλὴἡ

213 1239 268 1326 elul
291 1236 479 1325 Πυθοδψότοβ
502 1233 654 1328 άρχψοντος
676 1244 775 1315 καλῶς
804 1237 855 1307 καί
877 1240 1001 1314 δικαίως
1023 1236 1226 1328 άπεψίμιλήψθη
1248 1243 1315 1330 [τῆψς

212 1340 373 1428 εὐκοσμίας
388 1347 440 1410 τοῦ
462 1339 593 1430 θεάτρου
604 1347 640 1424 ¹⁵,
665 1344 823 1410 ἐπαινέσαι
845 1339 937 1430 αύτήν
951 1339 1003 1408 καί
1018 1345 1226 1431 στεψαίνιῖιψσαι
1239 1369 1315 1432 χρυ-

169 1461 202 1513 25
215 1449 272 1512 σῶι
291 1441 458 1532 [στεφψάνοιι
480 1441 538 1512 άπὸ
557 1471 563 1510 :
585 1448 621 1519 iti
644 1473 650 1510 :
669 1449 828 1533 δραχμῶν·
849 1449 954 1512 δοῦναι
977 1445 1010 1510 δὲ
1033 1442 1127 1534 nerlu
1133 1483 1316 1498 --------

213 1545 359 1636 δβαχμὰς
380 1545 449 1624 τούς
470 1547 580 1634 ταμίας
609 1541 661 1622 οὓς
690 1546 809 1635 εἴρηται
837 1549 872 1614 ἐκ
899 1551 952 1614 τοῦ
979 1544 1073 1636 νόμου
1098 1551 1161 1624 τοῖς
1182 1549 1314 1636 δψάξψασιν

213 1644 320 1738 άριστα
341 1654 399 1716 των
422 1652 590 1738 βουλευτῶν
612 1651 853 1737 ίπιμεμελῆσθαι
874 1654 927 1738 τῆς
949 1647 1134 1737 εύκοσψμίαςψ.

210 1841 219 1924 [
226 1886 341 1905 ......
348 1837 395 1922 ult
425 1835 630 1926 Ἀντικράτους
666 1836 879 1929 Παμβωτάδης
916 1836 1013 1904 εἶπεν·
1055 1834 1147 1926 τύχηι
1183 1836 1309 1928 ἆγαθῆι,

212 1941 381 2028 ἐψηφίσθαι
406 1945 458 2026 τῆι
487 1943 605 2029 βουλῆι,
638 1937 742 2028 ἐπειδὴ
766 1933 895 2015 Εὔδοξος
924 1939 1103 2026 Θεαψγέλου
1123 1941 1128 2028 Ι
1148 1940 1313 2030 Συπαλλήτ·

208 2046 304 2118 τιοςίί
325 2045 426 2117 καλῶς
447 2043 499 2110 καί
528 2045 651 2118 δικαίως
679 2039 852 2132 ἐπεμελήθη
881 2047 935 2130 τῆς
964 2039 1141 2130 διοικήσεως
1172 2041 1227 2112 ύπύ
1257 2049 1309 2133 τῆς

211 2148 321 2234 βουλθς
343 2142 391 2233 ἐφ’
426 2141 463 2232 ἣν
486 2147 638 2234 είρέθηίί,
668 2145 720 2214 καί
745 2153 798 2233 τῆς
825 2137 926 2232 άλλνψς
955 2142 1132 2232 εύΙκοσμίψας
1158 2151 1211 2234 τῆς
1239 2150 1312 2236 βου-

127 2305 281 2315 ..---

122 2407 170 2473 qui
194 2407 279 2458 totius
301 2405 412 2456 senatus
434 2405 544 2456 nomine
566 2415 644 2456 εεστε
667 2403 788 2458 leeerent
808 2419 858 2472 pro
876 2404 963 2458 seinte
981 2409 1008 2456 et
1026 2407 1182 2459 valetudine
1200 2412 1312 2460 senatus

123 2490 280 2559 populique.
307 2489 482 2554 intellegendi
500 2489 630 2542 videntur
646 2491 763 2542 ministri
775 2495 888 2542 senetur
904 2503 1022 2556 quorum
1039 2493 1149 2544 nomine
1167 2505 1193 2544 ν.
1209 2495 1306 2543 εε-ιι

122 2577 272 2644 perscripta
290 2577 362 2630 suut.
400 2575 524 2626 Koelnler.
597 2578 629 2626 ιε
647 2575 679 2628 V.
698 2577 811 2627 κε-κε,
884 2579 915 2626 tt
934 2575 1003 2628 cum
1020 2575 1126 2642 relique
1143 2579 1252 2628 comitio
1265 2591 1312 2630 or·

121 2663 228 2716 ‹liunrln
245 2663 273 2714 iu
287 2663 375 2728 Pnyoe
393 2659 569 2722 haberentur,
590 2659 649 2725 lege
666 2663 777 2712 cnutum
795 2664 853 2712 eret
870 2665 901 2712 ut
918 2660 1049 2727 postridie
1064 2661 1165 2713 lendin
1186 2663 1309 2728 (septimo

123 2749 230 2802 decime
254 2745 476 2813 Elaphebolionie
494 2746 546 2809 die)
572 2745 689 2812 populus
711 2747 871 2798 conveniret
893 2747 921 2797 in
946 2745 1083 2798 theatrum
1108 2747 1308 2811 Dionysiorum,

122 2835 201 2887 uide
213 2835 298 2886 serris
307 2831 388 2884 modo
397 2833 513 2898 petentis
523 2831 651 2898 probolae
661 2830 758 2882 flerent
770 2831 877 2898 elinque
888 2830 923 2883 εά
935 2830 1016 2882 lerino
1028 2831 1220 2897 Dionysiorum
1231 2845 1311 2898 epec-

123 2921 206 2972 tentie
225 2919 443 2972 delibem-entur
467 2919 554 2980 (Dem.
574 2916 646 2980 xxi,
668 2920 761 2982 δοσιν.
780 2914 840 2976 τοὺς
862 2913 995 2988 πρυτάνεις
1016 2919 1099 2970 ποιεῖν
1123 2913 1259 2986 ἐκκλησίαν
1284 2915 1310 2970 iv

122 3001 246 3059 Διονύσου
263 3003 298 3076 τῇ
316 2999 437 3073 ὑστεραίᾳ
452 3008 504 3056 τῶν
523 2999 654 3055 Πανδίων·
679 2999 706 3054 ίν
725 2999 754 3054 δὲ
770 2997 850 3074 ταύτῃ
868 2998 1033 3072 χρηματίζειν
1057 3007 1158 3072 πρῶτον
1182 3001 1228 3071 μίν
1254 3003 1311 3073 περὶ

121 3088 206 3160 tepeo,
222 3087 310 3142 ίπτιτα
325 3085 371 3146 τάς
388 3085 518 3156 προβολάς
535 3083 744 3157 παραδιδότωσαν
760 3085 806 3144 τὰς
823 3083 994 3156 γεγενημίνας
1013 3083 1088 3140 ίνεκα
1103 3091 1150 3155 τῆς
1167 3092 1275 3158 πομπῆς
1292 3087 1309 3158 ἢ

120 3183 172 3230 τῶν
191 3172 296 3246 άγαύναν
313 3179 364 3226 τῶν
382 3171 409 3226 ἐν
426 3175 482 3230 τοῖς
500 3168 650 3230 Διονυσίοις.
676 3171 774 3224 liesoh.
789 3172 824 3234 ll,
840 3175 868 3222 et
889 3168 950 3230 τούς
967 3169 1101 3241 πρυτάνεις
1120 3171 1185 3241 μετά
1201 3173 1234 3227 rel
1251 3171 1312 3228 Διο-

119 3261 194 3314 νύσια
216 3259 250 3313 τά
267 3257 294 3311 ίν
311 3255 383 3312 άστει
399 3255 445 3310 καὶ
460 3255 509 3328 τὴν
527 3255 554 3310 le
573 3251 694 3310 Διονύσου
713 3253 852 3324 άκκλησίαν
870 3255 1016 3328 προγράψαι
1034 3254 1079 3310 δύο
1098 3255 1244 3330 ίκκλησίσς,
1263 3261 1310 3330 τὴν

122 3347 170 3416 μὲν
187 3345 222 3418 τῇ
239 3343 317 3416 ὀγδόῃ
337 3343 378 3397 ἐπὶ
396 3341 469 3406 δίκα,
488 3341 535 3412 τὴν
554 3341 583 3395 ei
598 3342 633 3416 τῇ
650 3339 728 3414 ύνάτρ
747 3339 791 3396 liri
808 3339 889 3407 δίκα).
917 3343 945 3394 lt.
966 3343 1139 3396 Memorabile
1158 3349 1208 3409 est,
1228 3347 1310 3398 elium

121 3437 231 3500 posteo,
257 3444 321 3482 oum
339 3431 431 3482 omnin
455 3430 563 3480 comitia
582 3430 610 3480 iu
634 3427 740 3480 theatro
764 3427 945 3488 haberentur,
973 3430 1064 3480 temen
1088 3428 1155 3482 illud
1178 3430 1310 3484 sollemne

122 3520 205 3570 hnine
223 3517 359 3569 oontiouis
379 3529 478 3567 nomen
497 3515 629 3574 mansisse
647 3513 685 3576 (G.
705 3515 726 3564 1.
746 3514 800 3564 itt.
822 3515 845 3564 ll
864 3517 923 3564 tii.
944 3515 1016 3577 tet).
1107 3518 1137 3566 it
1157 3517 1234 3568 Peter
1251 3519 1310 3569 sine

121 3603 205 3655 dubio
223 3604 266 3654 est
277 3601 407 3653 Cellibins
419 3599 645 3666 Cephieophoniie
660 3598 680 3650 i.
696 3598 867 3650 Peeenienele
884 3598 974 3651 νοτίδα
992 3601 1102 3651 senetue
1121 3600 1194 3668 ετεψτ
1209 3616 1233 3652 e.
1246 3603 1307 3653 Chr.

125 3691 159 3753 (ο.
175 3691 218 3752 οε,
232 3689 270 3751 κ).
379 3691 410 3736 ιε
435 3687 474 3738 De
496 3686 593 3738 eudem
617 3698 647 3736 re
664 3685 710 3736 hio
727 3684 792 3749 diei,
811 3685 847 3736 de
865 3697 919 3750 que
936 3697 1019 3750 eupre
1036 3698 1062 3736 ν.
1077 3689 1109 3736 εκ
1129 3685 1232 3736 dietum
1251 3691 1310 3737 eret

120 3776 242 3840 appetet.
280 3765 429 3824 curaverat
445 3775 556 3824 senetur
579 3773 612 3823 ut
628 3770 685 3823 ludi
703 3770 822 3822 soneulol
840 3783 922 3836 quum
939 3769 1161 3836 splendidissimo
1179 3777 1309 3837 apparete

120 3859 217 3912 flerent
235 3861 263 3911 et
279 3859 415 3910 theetrnm
434 3871 516 3923 quem
533 3857 716 3924 pulcherrime
733 3857 918 3908 exornaretur.
947 3855 976 3906 ll.
1054 3855 1174 3907 lelium
1192 3851 1311 3924 ἀντιγρα-

121 3943 171 4016 φία
188 3947 300 3998 nennius
319 3942 402 3996 inleso
419 3944 536 3994 oonieeit
553 3943 602 4004 n,
628 3955 682 4007 que
705 3941 740 3992 de
764 3953 793 3992 re
811 3953 861 3992 suo
879 3941 939 3992 lure
957 3939 1064 3992 dubitet
1081 3941 1111 3992 G.
1130 3939 1258 3992 Scheeler
1274 3943 1309 3994 de

119 4029 219 4082 scribis
237 4033 349 4082 eenutue
366 4028 511 4094 populique
529 4027 745 4089 Atheniensium,
766 4025 997 4091 Gryphisweldiee
1018 4029 1083 4076 tete
1102 4039 1129 4092 p.
1150 4029 1192 4077 ευ.
1221 4027 1309 4079 Minue

119 4119 193 4168 recte
213 4115 287 4168 idem
305 4114 373 4166 mihi
396 4127 492 4180 negare
515 4113 631 4175 videtur,
662 4113 736 4164 huno
762 4112 901 4163 homiuem
928 4113 1081 4162 senatorem
1108 4109 1200 4164 luisse.
1239 4111 1308 4163 Nem

118 4215 190 4266 quae
210 4202 237 4252 in
256 4199 341 4253 nitere
359 4199 468 4252 decreto
487 4212 513 4249 ν.
536 4201 576 4249 te.
595 4200 626 4248 tt
646 4198 774 4263 leguntur
791 4193 915 4248 διιτίλεσι
931 4192 964 4246 τά
987 4191 1106 4262 βίλτιστα
1128 4193 1308 4265 συμβουλεύων

119 4287 187 4338 mihi
206 4301 261 4339 uon
282 4287 411 4338 videntur
434 4285 569 4350 quedrere
596 4285 648 4334 nisi
672 4285 699 4335 iu
723 4286 886 4335 senatorem.
924 4281 955 4332 Ut
979 4282 1052 4332 enim
1075 4277 1254 4350 συμβουλεύειν
1276 4282 1315 4350 τῷ

119 4370 196 4441 δήμῳ
214 4373 431 4437 uniuscuiusque
449 4373 518 4422 eivie
536 4373 586 4430 eet,
613 4370 653 4421 eie
676 4363 859 4437 συμβουλεύειν
877 4366 912 4437 τῃ·
930 4362 1012 4436 βουλῇ
1031 4366 1098 4418 nulli
1117 4364 1180 4418 lieet
1197 4368 1249 4419 nisi
1267 4381 1309 4420 se-

119 4459 217 4510 nnlorl.
296 4462 327 4509 it
347 4456 488 4522 Lepieldne
508 4455 676 4520 neglegentia
695 4455 830 4520 legitimus
849 4453 993 4504 verborum
1012 4452 1080 4504 ordo
1101 4445 1155 4523 (ἐφ’
1172 4450 1206 4521 ἣν
1224 4445 1307 4524 ἠρίδη
