3138 5050
231 326 268 372 vl
741 303 891 360 Praelatio.

230 495 347 579 recepi,
374 493 535 578 quianon
556 493 649 559 modo
671 493 831 575 florentes,
857 493 915 560 sed
937 493 1033 560 etiam
1058 493 1204 560 labantes
1226 501 1258 560 et
1280 513 1413 579 pressas

231 617 424 685 Graecorum
446 637 499 684 res
521 616 680 683 illustrare
702 617 735 682 in
757 617 864 683 animo
886 617 1055 684 habebam.
1091 617 1243 684 Manebat
1264 616 1309 682 sic
1331 637 1413 700 quo-

230 763 292 826 que
314 742 428 826 ingens
449 745 721 807 monumentorum
743 740 920 822 multitudo,
947 761 988 807 ex
1009 761 1074 825 qua
1095 741 1237 808 modicus
1260 761 1413 808 numerus

230 865 397 951 eligendus
420 873 499 932 erat.
535 864 607 943 Qua
627 864 661 930 in
684 885 719 930 re
740 865 875 950 primum
898 865 1029 933 metrica
1050 865 1157 932 omnia
1178 865 1308 946 removi,
1334 866 1413 948 quia

229 1009 312 1074 quae
340 1009 440 1073 nsque
467 989 509 1056 ad
531 1009 648 1054 annum
677 987 710 1056 h.
739 1007 766 1054 s.
799 989 1071 1074 septuagesimum
1100 989 1269 1074 septimum
1297 989 1331 1055 in
1359 991 1413 1056 lu-

229 1133 299 1180 cem
331 1111 529 1199 prodierunt,
574 1111 710 1178 collecta
749 1119 824 1178 sunt
859 1111 893 1177 in
931 1113 1012 1180 libro
1050 1113 1180 1197 egregio
1217 1119 1249 1180 et
1285 1113 1412 1180 modico

229 1237 332 1324 pretio
360 1236 497 1322 parabili
524 1235 564 1301 G.
590 1235 745 1317 Kaibelii,
772 1255 855 1319 quae
884 1243 997 1321 postea
1017 1243 1238 1318 accesserunt,
1271 1237 1412 1303 innova

230 1359 374 1426 eiusdem
397 1360 471 1426 libri
493 1359 634 1426 editione
655 1358 802 1425 additum
829 1359 869 1424 iri
891 1379 1072 1444 speramus.
1117 1359 1190 1427 Non
1212 1360 1310 1446 plane
1333 1362 1412 1428 abs-

228 1485 310 1552 tinui
337 1506 358 1550 a
386 1484 490 1551 titulis
511 1483 568 1566 qui
594 1483 735 1548 dialecto
761 1481 837 1548 alia·
849 1489 947 1568 atque
967 1483 1074 1550 Attica
1100 1490 1157 1550 aut
1177 1484 1302 1568 volgari
1323 1504 1411 1551 com-

228 1609 327 1696 positi
349 1615 423 1676 sunt
440 1607 649 1692 recipiendis;
676 1608 814 1691 primum
829 1607 906 1689 quia
919 1613 987 1672 tum
1002 1627 1074 1675 cnm
1089 1607 1173 1674 hanc
1187 1609 1408 1675 collectionem

228 1733 395 1812 incohavi,
431 1751 535 1815 neque
565 1730 710 1796 delectus
740 1729 912 1796 Oaueriani
941 1731 1115 1798 editionem
1144 1732 1279 1798 alteram
1309 1733 1409 1800 multo

228 1857 418 1942 ampliorem
448 1863 480 1921 et
506 1853 755 1921 emendatiorem
779 1855 903 1940 parari,
928 1875 1034 1938 neque
1056 1855 1097 1921 ab
1119 1855 1162 1920 H.
1187 1855 1334 1924 Gollitrio
1357 1879 1409 1924 so-

229 1981 354 2064 ciisque
376 1981 518 2045 omnium
547 1979 617 2044 eius
646 1978 774 2062 generis
796 1979 958 2044 titulorum
981 1979 1154 2045 editionem
1175 1981 1301 2047 institui
1322 2002 1409 2049 com-

228 2112 354 2188 pertum
377 2104 553 2172 habebam:
579 2110 646 2167 tum
668 2102 746 2186 quia
768 2101 856 2168 haud
878 2103 973 2188 pauci
996 2111 1070 2169 sunt
1092 2103 1177 2170 tituli
1199 2124 1278 2170 sane
1291 2105 1410 2172 Dorica

229 2236 286 2293 aut
315 2227 414 2314 simili
440 2227 551 2310 aliqua
573 2225 710 2292 dialecto
737 2227 877 2308 exarati,
912 2227 971 2292 sed
1000 2227 1036 2292 in
1063 2247 1208 2294 sermone
1233 2229 1315 2294 nihil
1338 2229 1410 2306 ¹fere

229 2351 438 2419 memorabile
460 2357 517 2416 aut
531 2349 730 2416 reconditum
746 2350 947 2434 exhibentes,
973 2371 1070 2433 quum
1092 2360 1315 2436 argumentum
1333 2373 1411 2437 gra-

228 2477 395 2542 vissimum
412 2481 444 2540 et
459 2473 592 2541 consilio
607 2494 678 2541 meo
693 2473 1057 2540 accommodatissimum
1081 2476 1132 2560 sit,
1157 2477 1259 2542 veluti
1275 2476 1338 2542 duo
1360 2478 1411 2544 illi

229 2599 368 2684 Delphis
389 2619 492 2683 nuper
515 2600 596 2664 eruti
618 2619 651 2663 n.
671 2601 732 2662 215
756 2605 788 2664 et
810 2601 883 2663 233.
930 2598 994 2664 Eos
1017 2619 1103 2683 vero,
1132 2620 1265 2684 quorum
1288 2601 1411 2668 utilitas

229 2723 334 2807 magis
356 2724 391 2787 in
412 2741 558 2788 sermone
580 2741 677 2805 quam
705 2722 740 2787 in
760 2723 857 2788 rebus
880 2723 942 2788 sita
965 2731 1029 2804 est,
1061 2731 1097 2788 ut
1117 2723 1319 2790 Aeolicorum
1341 2725 1410 2792 iere

229 2847 382 2928 omnium,
409 2846 630 2912 Boeoticorum
652 2846 885 2930 plerorumque,
911 2847 1112 2931 recipiendos
1135 2867 1198 2912 non
1212 2847 1408 2916 existimavi.

231 2971 382 3054 Denique
409 2968 498 3034 haud
524 2971 619 3054 pauci
647 2969 732 3034 tituli
754 2969 938 3051 ceteroquin
959 2969 1144 3052 gravissimi
1165 2977 1296 3056 propter
1317 2971 1412 3038 nimis

228 3095 375 3161 mutilam
399 3093 618 3161 condicionem
640 3099 697 3159 aut
718 3093 945 3160 obscuritatem
968 3094 1145 3178 scripturae
1167 3101 1223 3160 aut
1245 3096 1410 3180 exemplo-

228 3240 297 3285 rum
317 3219 510 3304 pravitatem
533 3217 711 3303 seponendi
735 3223 841 3298 erant,
867 3217 945 3300 quia
967 3218 1155 3286 minusculis
1177 3219 1293 3284 litteris
1315 3225 1410 3285 uten-

229 3343 304 3408 dum
326 3349 406 3422 erat,
434 3341 551 3424 quibus
566 3341 725 3406 eiusmodi
740 3340 983 3425 inscriptionum
999 3341 1101 3406 formo
1123 3349 1157 3407 et
1178 3342 1324 3409 condicio
1346 3365 1410 3410 non

229 3465 310 3531 satis
340 3463 481 3530 fideliter
508 3464 745 3548 repraesentari
774 3470 916 3549 poterat;
947 3485 986 3531 ac
1015 3467 1124 3532 nescio
1154 3486 1196 3532 an
1223 3466 1286 3531 hac
1312 3466 1347 3531 in
1376 3485 1410 3532 re

230 3590 327 3655 etiam
351 3587 494 3654 severius
517 3585 677 3669 agendum
700 3595 733 3653 et
754 3587 840 3654 tituli
863 3593 882 3652 2
905 3595 938 3654 et
961 3591 1000 3653 34
1023 3589 1190 3656 omittendi
1212 3589 1341 3656 luerint.

315 3712 354 3776 ln
380 3709 587 3777 restituendis
612 3711 775 3778 titulorum
804 3712 912 3778 verbis
939 3711 974 3778 id
999 3711 1130 3796 quidem
1158 3712 1331 3796 diligenter
1357 3711 1409 3779 in-

229 3834 403 3902 dicandum
425 3833 548 3920 putavi,
575 3834 653 3916 quid
674 3855 779 3902 meum
802 3844 897 3918 esset,
923 3835 1003 3920 quid
1024 3837 1177 3923 alienum,
1202 3837 1339 3922 ideoque
1361 3841 1409 3904 eis

227 3979 313 4044 quae
340 3958 411 4043 ipse
437 3957 547 4024 inveni
575 3957 749 4044 ascriptum
779 3965 828 4025 est
855 3951 1032 4044 ‘supplevi’
1063 3967 1120 4026 ant
1143 3951 1404 4045 ‘emendavi’;*}

227 4082 287 4153 sed
302 4080 381 4166 quid
402 4081 515 4165 cuique
537 4101 578 4148 ex
600 4081 833 4166 antiquioribus
856 4081 1032 4150 editoribus
1048 4083 1227 4164 deberetur,
1256 4081 1409 4168 singilla-

218 4371 224 4384 .
319 4339 343 4404 1)
365 4335 433 4394 Sero
451 4335 518 4400 vidi,
540 4338 612 4398 814
632 4343 661 4394 et
681 4340 738 4404 111,
758 4342 773 4391 5
798 4353 869 4409 quae
886 4339 989 4406 protuli
1007 4340 1198 4410 supplementa
1220 4337 1409 4394 ismahelita

228 4431 365 4497 occupata
385 4438 456 4488 esse,
475 4423 533 4478 illic
552 4423 676 4480 Molaria
693 4437 709 4478 a
727 4421 758 4476 P.
778 4421 923 4488 Fouoartc
950 4421 995 4478 hic
1013 4422 1133 4498 sceau,
1152 4437 1169 4479 a
1187 4421 1219 4478 G.
1237 4422 1267 4478 F.
1287 4420 1406 4494 Ungero.
