3082 5054
276 308 339 371 330
570 350 575 364 ,
729 378 730 382 γ
774 303 838 354 Pars
855 303 939 366 prior.
1395 299 1448 363 [itt

334 507 448 581 5Τίτος
472 506 618 593 Νορίσιος
641 505 729 572 Τίτου
752 501 846 578 nitet.
887 501 962 590 Περὶ
986 495 1027 568 ὧν
1043 501 1213 589 Θισίίβ]εἶς6
1236 497 1341 587 λόγους
1356 499 1452 587 tueris

364 635 453 676 σαντο
475 610 542 698 περὶ
565 615 620 690 τῶν
643 604 728 698 καθ’,
745 603 879 692 obstricti<
901 603 1095 693 πραγροίτιυν,
1119 603 1224 679 οἵτινες
1247 608 1277 670 ἐν
1298 611 1351 690 nipe
1364 605 1453 692 φιλίαι

363 717 412 799 τήι
432 711 436 798 Ι
455 708 601 799 ἡμετέραι
622 711 790 795 ἐνέμειναν,
821 701 903 782 ’όπυις
926 704 1028 782 αὑτοῖς
1051 709 1194 788 δοθῶσιν,
1217 709 1221 794 Ι
1239 706 1299 792 [οίῖς
1328 703 1365 773 τὰ
1385 705 1447 774 καθ’

321 832 352 882 40
365 811 471 888 αὑτοὺς
504 813 666 902 πράγματα
699 808 916 899 ἐξηγήσωνται·
955 811 1024 898 περί
1059 807 1173 898 sedition
1202 814 1255 874 τοῦ
1288 807 1453 898 πράγματος

363 908 456 990 οἷἰτιος
486 919 602 990 ἔδοξεν·
638 907 719 989 όποις
749 909 875 988 Κόιντος
895 913 899 996 Ι
920 913 1049 988 Μαίνιος
1078 909 1243 1000 στρατηγὸς
1271 917 1328 978 τῶν
1355 917 1388 978 ἐκ
1408 919 1453 998 τῆς

363 1016 528 1105 συνκλήτου
548 1018 553 1104 ί
570 1019 670 1103 [πίέντι
693 1013 855 1102 ἀποτόξηι,
893 1015 923 1082 οἳ
952 1009 988 1082 ἂν
1025 1011 1120 1080 αιἰτῶι
1153 1020 1187 1082 ἐκ
1220 1020 1276 1080 τῶν
1311 1018 1453 1104 δημοσίων
1511 1089 1514 1108 .

365 1117 572 1209 npoprh'rorv
596 1117 646 1185 καί
659 1123 712 1206 τῆς
729 1120 806 1194 ίδίοις
820 1117 945 1192 πίστεως
961 1119 1155 1206 pulvereni.
1182 1119 1277 1190 ἔδοξε.
1294 1121 1359 1204 -ί
1382 1118 1455 1206 Προ-

323 1241 352 1291 15
362 1225 448 1310 τέραι
470 1227 574 1289 είδυῶν
595 1219 827 1308 Ὀιιτωγιβρίυν·
856 1223 1051 1309 γραφομένου
1064 1221 1211 1308 παρῆίΙααν
1229 1217 1362 1295 Πόπλιος
1377 1218 1456 1286 Μοό-
1513 1241 1514 1290 3

364 1352 428 1400 ιιιος
451 1324 580 1392 Κοΐντου
603 1320 696 1403 υίόςθ,
730 1321 876 1412 Μοίαρκος
899 1322 1061 1410 Κλαόίδιος
1090 1320 1240 1411 Μαάρκου
1267 1320 1362 1406 nitet,
1389 1323 1456 1389 Mo'r-
1513 1319 1514 1322 ¹

361 1453 422 1503 νιος
438 1429 560 1516 Σέργιος
582 1425 703 1493 Μανίου
726 1423 787 1500 υίός
799 1431 838 1472 ¹⁰·
862 1423 1034 1514 ΙὩααότιυς
1048 1426 1116 1514 περί
1139 1421 1180 1490 ὧν
1204 1428 1232 1492 οἱ
1256 1423 1343 1492 αότοί
1359 1424 1455 1512 λόγους

363 1528 543 1618 ἐποιήσαντο
572 1529 640 1618 περί
668 1525 778 1618 χώρας,
793 1529 799 1618 l
817 1529 882 1613 [κίαί
910 1530 979 1618 περί
1009 1531 1168 1616 λιρένοιν11
1198 1529 1249 1594 καί
1275 1525 1458 1616 ιτροςόδυινη

279 1795 320 1852 44,
342 1793 374 1854 5),
395 1789 535 1840 consulem
562 1793 607 1839 tel
633 1804 657 1840 a.
678 1788 741 1840 Chr.
762 1794 958 1839 commemoret
977 1787 1022 1850 M.‚
1050 1801 1164 1839 monens
1183 1789 1286 1850 tamen,
1315 1787 1384 1839 duos
1407 1789 1457 1838 sine

277 1875 359 1926 dubio
384 1875 430 1926 illo
449 1879 571 1940 ternpore
591 1875 631 1927 M’.
652 1875 751 1926 Acilios
770 1875 812 1926 M’.
832 1871 902 1942 iiiios
921 1873 1013 1936 luisse,
1033 1875 1098 1939 quia
1117 1874 1196 1924 aliter
1208 1873 1293 1924 tribus
1307 1887 1363 1924 non
1376 1874 1458 1924 addita

278 1964 358 2011 esset.
384 1961 465 2012 Posse
483 1961 563 2025 igilur
581 1961 662 2012 etiam
680 1961 713 2010 de
732 1960 816 2011 Acilio
835 1960 918 2011 Balbo
937 1961 1056 2026 quodam
1074 1960 1196 2024 cogitari,
1217 1960 1280 2024 quia
1299 1961 1329 2009 in
1348 1973 1378 2010 ea
1397 1971 1458 2022 quo-
1513 1955 1514 1974 ¹

277 2059 330 2114 que
349 2047 432 2110 stirpe
446 2047 526 2096 Manii
545 2059 710 2112 praenomen
729 2045 802 2096 haud
821 2045 977 2110 infrequens
995 2044 1098 2096 luisset.
1171 2049 1185 2094 5
1204 2043 1234 2096 Τ.
1248 2044 1391 2096 Numisius
1401 2045 1459 2094 Tar-
1513 2069 1514 2114 3

185 2174 188 2183 .
277 2133 482 2218 quiniensisba.
499 2131 660 2185 leracha.
685 2133 755 2181 inter
772 2131 984 2195 decemlegatos
1003 2130 1231 2182 inMaccdoniam
1250 2131 1354 2182 missus
1372 2129 1458 2180 adres
1513 2115 1514 2192 ί

279 2217 317 2268 ibi
335 2216 501 2268 ordinandas
521 2217 587 2281 (hir.
607 2217 684 2282 XLV,
707 2221 746 2276 47,
769 2217 792 2281 t)
811 2219 846 2269 M.
920 2217 1029 2267 tdnno
1056 2219 1099 2266 474
1127 2231 1151 2268 a.
1172 2215 1235 2269 Chr.
1256 2215 1338 2280 legali
1356 2215 1458 2267 Romani
1513 2261 1514 2288 γ

277 2304 304 2352 in
323 2303 461 2354 Boeotiam
481 2304 556 2354 misai
575 2317 637 2353 cum
656 2316 684 2353 se
703 2306 847 2367 negassent
864 2315 926 2353 curn
945 2303 1084 2352 communi
1102 2301 1218 2352 concilio
1238 2301 1402 2353 Boeotorum
1418 2313 1459 2350 ac-
1513 2323 1514 2344 ι

279 2394 354 2440 turos
371 2401 430 2440 esse
450 2391 477 2438 et
495 2389 613 2452 singulos
631 2391 755 2439 civitates
772 2387 910 2452 adiissent,
931 2399 994 2438 cum
1013 2387 1148 2438 Thebanis
1165 2387 1287 2451 reliquae
1306 2400 1402 2438 omnes
1413 2387 1459 2436 ilo-

277 2486 421 2526 manorum
440 2473 562 2540 partibus
580 2487 609 2526 sa
627 2474 817 2538 applicuerunt
835 2477 941 2538 praeter
959 2471 1113 2534 Haliartios,
1133 2473 1313 2534 (turonenses,
1334 2473 1459 2524 Thisben·
1513 2477 1514 2542 J

277 2571 337 2620 ses,
367 2561 414 2624 qui
433 2560 459 2608 in
478 2557 531 2610 fide
550 2559 639 2610 Persei
662 2560 732 2623 regis
750 2559 904 2610 manebant.
946 2557 1070 2624 Namque
1093 2559 1165 2624 apud
1190 2557 1333 2622 Polybium
1358 2557 1456 2614 XXVM.
1513 2557 1514 2608 f

279 2649 302 2704 5,
325 2648 338 2692 t
358 2658 407 2710 pro
425 2640 521 2712 Θήβας,
542 2646 616 2708 quod
636 2645 698 2695 torri
718 2659 770 2696 non
790 2658 870 2711 posse
888 2646 940 2694 iam
961 2643 1136 2695 casaubonus
1162 2643 1280 2707 rideret,
1301 2657 1337 2694 ex
1355 2643 1406 2694 hoc
1422 2654 1461 2692 se·
1513 2625 1514 2650 ί

278 2733 356 2780 natus
374 2731 497 2781 consulto
516 2726 609 2798 Θίοβας
628 2731 762 2796 resposuit
780 2731 825 2792 λλ,
847 2743 960 2781 monens
979 2731 1032 2780 iam
1051 2729 1156 2779 Livium
1179 2729 1270 2793 (XLII,
1291 2733 1334 2790 46,
1356 2729 1382 2792 7)
1406 2739 1458 2777 um

276 2815 458 2880 corruptelam
477 2816 504 2864 in
523 2827 572 2866 suo
586 2816 689 2880 Polybii
708 2817 857 2881 exemplari
876 2815 1019 2866 invenisse.
1062 2815 1165 2865 Deinde
1185 2827 1248 2865 cum
1267 2813 1371 2865 bellum
1388 2825 1459 2864 erar-

278 2901 372 2958 sissot,
392 2899 421 2951 C.
443 2900 582 2950 Lucretius
600 2905 710 2965 praetor·
728 2901 846 2954 Mallarto
863 2903 890 2952 vi
911 2907 988 2966 capta
1013 2903 1041 2951 ct
1063 2901 1152 2952 diruta
1170 2901 1205 2952 ad
1224 2895 1340 2950 Thisbes
1358 2897 1460 2951 addunt

278 2987 441 3047 exercitum3
462 2984 561 3050 quibus
580 2987 638 3037 sine
661 2989 807 3038 cartamine
831 2988 947 3052 receptis
970 2979 1069 3038 urbem
1093 2986 1202 3038 tradidit
1225 2985 1354 3036 exulibus
1378 2983 1458 3048 etqui

279 3071 461 3120 Romanorum
480 3073 564 3138 partis
583 3077 668 3131 crant,
690 3073 821 3124 adversae
835 3057 958 3122 factionis
974 3072 1118 3123 hominum
1138 3071 1329 3136 teutonumque
1348 3071 1459 3134 regiano

277 3155 455 3206 Macedonum
480 3157 595 3210 familias
618 3158 669 3209 sub
692 3171 793 3208 corona
815 3159 947 3211 vendidit.
984 3159 1053 3210 Sane
1078 3157 1146 3208 haec
1170 3171 1278 3222 quoque
1302 3157 1362 3208 Liv.
1387 3156 1458 3212 XLII,

278 3245 320 3304 tt,
342 3243 373 3290 tt
392 3241 426 3291 de
444 3239 541 3294 Thebis
561 3249 666 3307 narrat,
692 3243 739 3293 sed
764 3257 848 3308 quum
872 3243 1013 3294 Thebanos
1038 3243 1072 3294 ab
1096 3243 1174 3293 initio
1198 3242 1262 3294 balli
1281 3243 1459 3293 Romanorum
1513 3299 1514 3314 γ

212 3339 215 3348 ’
276 3313 434 3378 ¹societatem
452 3329 589 3393 amplexos
607 3342 667 3380 esse
685 3333 803 3389 constet,
831 3329 877 3380 hio
901 3343 1007 3394 quoquo
1026 3329 1105 3379 illum
1123 3327 1226 3392 Polybii
1246 3328 1315 3378 libro
1335 3327 1458 3378 mendoso

277 3413 421 3478 deceptum
440 3425 489 3464 suo
508 3415 567 3464 iure
586 3415 680 3465 statuit
699 3403 738 3467 M.
823 3415 927 3476 7‘Qar'
950 3415 1171 3477 cicrepohlioo
1188 3419 1213 3464 et
1231 3427 1245 3464 a
1259 3415 1311 3478 lide
1329 3428 1379 3464 ειια
1395 3413 1460 3462 vide·
1513 3423 1514 3468 i

276 3496 394 3550 oontor'.
468 3500 530 3560 ΒΩ.
551 3501 655 3551 Mucius
673 3499 702 3562 Q.
724 3498 742 3553 l.
762 3501 890 3552 Scaevoia
908 3514 963 3552 cos.
986 3505 1034 3550 tlt
1052 3514 1077 3551 a.
1098 3499 1159 3552 Chr.
1181 3500 1216 3549 M.
1295 3501 1365 3549 cM.
1386 3498 1460 3548 Clau·
1513 3485 1514 3546 ἶ

276 3585 338 3637 dius
356 3586 390 3638 M.
411 3585 429 3636 i.
449 3585 594 3638 Marcellus
612 3589 718 3652 praetor
738 3589 785 3636 464
805 3601 829 3638 e.
845 3587 907 3638 Chr.
931 3587 997 3652 (htv.
1011 3587 1104 3647 XLlil,
1126 3590 1166 3647 44,
1189 3585 1224 3648 7),
1246 3597 1304 3636 cos.
1327 3587 1384 3636 468.
1405 3585 1458 3631 ist.
1513 3613 1514 3620 .

278 3675 327 3722 tlt
346 3685 371 3722 a.
392 3671 451 3722 Chr.
474 3672 507 3721 M.
581 3675 611 3720 to
631 3672 674 3724 M’.
693 3672 800 3736 Sergius
817 3686 841 3722 a.
864 3677 910 3722 467
930 3687 955 3723 a.
971 3672 1032 3723 Chr.
1054 3673 1157 3735 legatus
1174 3683 1237 3722 eum
1256 3671 1285 3720 C.
1300 3669 1418 3735 Sulpicio
1435 3669 1459 3716 in
1513 3661 1514 3700 ί

277 3758 417 3808 Graeciam
435 3757 535 3808 missus
556 3757 656 3823 (Polyb.
677 3757 775 3818 XXXI,
798 3763 823 3820 ν,
845 3760 868 3820 6)
890 3758 1024 3822 designari
1043 3757 1166 3817 videtur;
1188 3769 1250 3805 nam
1269 3768 1339 3821 quos
1359 3757 1460 3820 praeter

277 3843 349 3895 hunc
361 3843 468 3908 Sergios
486 3842 558 3892 illius
576 3845 671 3894 aetatis
690 3845 858 3894 enumeravit
876 3845 914 3904 lt,
935 3856 982 3894 eos
1000 3843 1045 3893 hic
1057 3845 1102 3893 vix
1115 3844 1140 3892 ln
1156 3855 1268 3892 censum
1281 3842 1375 3890 venire
1387 3849 1459 3904 posse

276 3929 472 3979 demonstravit
489 3928 523 3978 M.
632 3933 658 3977 44
686 3929 824 3996 [reperies
848 3931 882 3981 M.
909 3931 1033 3982 Foucarti
1058 3927 1181 3994 exemplo
1200 3939 1266 3978 usus
1284 3923 1458 3990 supplendum

276 4017 428 4079 putaverat.
471 4013 524 4064 sod
547 4013 712 4067 Schmidtius
743 4019 878 4080 integrum
903 4017 1051 4068 Arrectum
1077 4017 1104 4064 in
1130 4013 1219 4078 lapide
1243 4012 1362 4077 agnovit.
1406 4009 1458 4071 ipsa

277 4099 467 4151 Thisbansium
486 4099 553 4150 urbs
578 4100 777 4153 mediterranea
796 4106 867 4166 arat,
894 4102 943 4152 sod
967 4115 1031 4166 ager
1047 4113 1135 4165 usque
1153 4099 1188 4151 ad
1206 4101 1283 4150 sinus
1301 4091 1458 4147 Corinthiaci

276 4177 406 4250 angulum
420 4185 582 4250 pertinebat,
603 4186 650 4236 ubi
664 4192 759 4252 portus
772 4194 842 4248 erat;
863 4189 958 4237 Strabo
973 4187 1009 4236 lX
1028 4200 1053 4252 p.
1070 4189 1114 4236 444
1136 4185 1196 4237 Ces.
1218 4181 1327 4235 ίπίνειον
1346 4179 1399 4251 ἔχει
1416 4193 1459 4228 πε-

275 4269 370 4338 τρῶδες
388 4277 541 4340 περιστερῶν
561 4270 661 4338 μεστόν.
691 4273 786 4336 steph.
808 4273 870 4336 Byn.
891 4285 913 4322 s.
935 4285 960 4321 ν.
980 4271 1025 4324 καί
1043 4270 1057 4324 t
1075 4268 1154 4341 λιμὴν
1173 4269 1202 4322 ti
1217 4277 1269 4321 τῶν
1288 4264 1407 4335 Θιοβὲων,
1426 4261 1457 4317 ὥς

277 4373 352 4425 φησιν
370 4349 565 4428 Ἐπαφρόδιτος,
585 4357 630 4409 ταί
647 4356 676 4410 τὸ
694 4355 803 4409 ἐπίνειον
822 4364 975 4428 περιστερῶν
993 4355 1104 4427 πλῆρες,
1131 4369 1201 4422 quoa
1226 4357 1299 4406 locos
1321 4351 1408 4404 attulit
1425 4348 1469 4397 M.-

277 4445 308 4491 47
321 4441 442 4493 Portenta
459 4441 637 4507 intellegenda
656 4443 748 4494 docuit
766 4443 897 4506 Schmidt,
919 4441 1050 4512 προςόδων
1068 4443 1114 4494 hic
1131 4443 1265 4493 artissime
1278 4442 1341 4491 cum
1354 4434 1456 4504 leptim
