3084 5052
111 325 170 390 tlt]
401 321 411 332 '
578 323 599 373 l.
625 323 677 374 llos
696 322 830 388 publicae.

240 525 430 616 Κηφισοφῶν
454 523 654 612 Κεφαλίωνος
671 521 844 614 Ἀφιδναῖος
851 529 879 574 ²⁴

541 631 685 716 βουλῆς
707 629 874 714 vaniore

152 745 187 797 ευ
237 729 389 818 Ἀντικλῆς
408 727 651 818 Ἀριστοκράτους
674 728 907 818 Κυδαδηναιειίς

240 835 466 922 Δρομοκλείδης
485 829 703 922 Θρασυμήδους
718 830 890 921 Ἅγνουόιος

197 934 378 1026 Βράχυλλος
400 933 566 1004 Βαδιίλλου
583 933 729 1026 Ἐρχιεὺς
751 937 881 1004 airaon·
911 934 1016 1024 ἐπειδὴ
1039 930 1182 1023 Είίδυίξλος
1203 944 1301 1017 καλῶς

197 1039 250 1106 καί
273 1041 398 1114 δικαίως
420 1036 595 1126 ἐπεμελήθη
619 1033 660 1106 ὧν
684 1036 780 1106 aleno
801 1037 821 1127 ἡ
845 1037 939 1128 βουλή
961 1041 1153 1127 προςίέταξεν]
1172 1043 1176 1132 Ι
1195 1049 1248 1130 τῆς
1269 1069 1301 1112 τε

199 1138 377 1228 διοικήσεως
399 1146 450 1230 τήι
473 1145 583 1230 βουλήν
611 1142 664 1210 καί
692 1145 745 1230 τής
768 1138 930 1228 εὐκοσμίας
953 1140 1108 1228 μετὰτῶν
1129 1141 1302 1232 πρυτάνεων

197 1251 256 1312 τῶν
287 1241 335 1312 ιἰεί
363 1243 621 1334 πρυτανευόντων,
653 1245 706 1312 καί
733 1247 888 1330 διεήέλισε
913 1241 982 1334 rol!
1004 1247 1142 1332 βέλτιστα
1171 1250 1303 1336 συμβου-

196 1342 302 1430 λειίων,
342 1345 506 1435 [δμδόχδαι
532 1353 584 1434 τῆι
617 1350 736 1436 βουλῆι,
772 1347 931 1414 ἐπαινέσαι
963 1339 1094 1422 Εὔδοξον
1129 1349 1302 1438 Θεαγγίλου

153 1445 401 1536 ίδΣυπαλήττιυν
425 1445 534 1538 ἀρετῆς
556 1453 655 1536 ἕίνειια
676 1447 727 1516 καί
754 1445 968 1537 δικαιλήοσιίνης
995 1455 1049 1537 τῆς
1077 1453 1120 1525 είς
1150 1451 1204 1539 τήν
1229 1457 1302 1541 βου·

196 1549 263 1638 λήν,
287 1553 340 1618 καί
362 1557 555 1640 στεφανῶσαι
578 1549 666 1620 αὐτὸν
689 1557 805 1641 χρυσιῖιι
834 1550 986 1641 στεφάνωι
1014 1549 1099 1620 ὀπὸς
1121 1557 1157 1628 ili
1179 1579 1185 1618 :
1205 1558 1302 1644 δραχ-

197 1660 271 1742 μῶν,
297 1653 420 1724 ἐπειδὰν
442 1653 495 1731 τὰς
517 1653 655 1743 εὖίδιίνας
677 1659 749 1722 δῶι·
777 1651 810 1722 τὸ
834 1655 868 1722 δὲ
891 1652 1054 1744 ἆρλίγιίριον
1085 1655 1165 1726 είναι
1186 1660 1229 1734 είς
1250 1659 1301 1726 τόν

197 1761 343 1847 στέφανον
364 1755 452 1847 πία]μ’
482 1757 625 1844 [talassos
652 1765 711 1824 τῶν
739 1761 923 1846 βουλευτῶν·
959 1757 1037 1826 είνσι
1060 1758 1112 1846 [δὲ]
1133 1756 1229 1828 αιἰτιῖιι
1249 1763 1301 1828 καί

195 1859 278 1948 παρὰ
299 1868 352 1929 τοῦ
375 1859 484 1948 δ[ήμο]υ
505 1859 659 1950 [εδρίοδαι
682 1858 797 1948 ἀγαθὸν
812 1853 859 1928 ’ὅτι
876 1855 910 1927 ἂν
930 1864 936 1943 Ι
956 1857 1101 1948 δλίνηται.
1131 1859 1302 1952 ἀναγράψαι

198 1964 231 2030 tt
253 1961 377 2032 τόδετὸ
399 1961 547 2054 ψήφισμα
569 1963 619 2031 ἐπί
641 1960 682 2048 τὸ]
709 1960 855 2050 ἀνάθημα
876 1969 930 2050 τῆς
961 1967 1078 2054 βυυλῇής
1103 1962 1137 2032 τδ
1164 1967 1213 2033 ἐπί
1237 1967 1303 2034 Πυ-

196 2063 329 2150 δοδλότου
360 2061 520 2156 ἄρχοντος·
554 2068 612 2154 [sik
638 2067 680 2152 [δὲ
709 2064 763 2153 τήν
794 2063 972 2154 ἀναγραφήν
1002 2067 1054 2134 καί
1075 2064 1129 2154 τήν
1152 2065 1301 2154 ἀνάδείσιν

196 2193 212 2235 τ
219 2205 428 2220 ιιιιιιιιι

181 2411 211 2462 lt
230 2413 316 2463 'l'sstis
334 2414 432 2464 nitatur
449 2411 612 2477 apulliam.
633 2411 714 2475 xlv,
736 2415 777 2474 lt,
796 2411 843 2462 ubi
862 2423 928 2464 saue
946 2409 999 2464 lsvl
1018 2409 1192 2464 librariorum
1210 2427 1302 2466 orrore

112 2491 273 2566 Κιριίλωνος
292 2499 423 2564 seriptum
442 2501 537 2550 exstet.
575 2496 649 2548 ldem
673 2498 732 2548 siue
757 2497 840 2548 dubio
859 2499 901 2548 est
918 2496 1110 2564 Cephisophou
1127 2497 1303 2564 Aphidnaeus

111 2585 220 2647 praetor
237 2596 264 2632 n.
280 2587 340 2646 llll,
361 2587 403 2636 til.
510 2586 542 2634 ευ
567 2583 640 2634 Duos
663 2583 746 2634 etlam
770 2581 798 2633 C.
825 2583 846 2632 l.
872 2583 926 2634 λιι.
947 2583 970 2632 ll
989 2586 1036 2645 til,
1057 2583 1104 2648 qui
1123 2583 1218 2636 titulus
1236 2587 1301 2636 item

111 2667 195 2720 medii
214 2667 315 2720 meoull
334 2681 360 2720 u.
374 2667 436 2720 Chr.
457 2669 546 2733 quarti
566 2671 647 2732 asset,
668 2669 887 2729 oommemorari,
907 2671 993 2733 quum
1011 2669 1161 2734 posteriore
1180 2673 1302 2736 tempore

111 2765 220 2820 sempor
232 2752 329 2818 singull
342 2757 443 2815 esseut,
464 2755 570 2806 monuit
582 2753 759 2819 lleydemaun
773 2753 808 2804 do
820 2756 917 2804 senatu
929 2766 956 2819 p.
970 2757 1001 2803 it
1016 2753 1097 2818 [litll
1169 2758 1201 2804 ευ
1214 2755 1304 2816 Quae-

111 2852 173 2890 nam
198 2841 267 2891 ratlo
291 2840 356 2891 hulo
379 2839 491 2891 decreto
517 2851 580 2891 oum
603 2839 688 2891 altaro
713 2839 747 2891 de
771 2837 895 2890 eiusdem
919 2839 1039 2890 hominis
1064 2839 1214 2892 nonoribus
1232 2839 1303 2892 laeto

110 2927 147 2988 (v.
163 2928 274 2986 ειν-υτ)
296 2925 454 2988 interoedat,
475 2925 600 2976 hominos
619 2925 692 2976 dooti
710 2924 861 2990 ambigunt.
881 2925 1085 2982 ltiedonausrus
1102 2926 1177 2976 enim
1194 2927 1303 2978 utrum-

112 3023 166 3075 qne
185 3009 258 3061 idem
278 3021 355 3072 esse,
382 3010 431 3062 sed
455 3025 540 3076 quum
564 3011 681 3078 populus
705 3011 840 3062 noluisset
863 3011 945 3062 stiam
968 3009 1022 3061 alla
1043 3011 1165 3076 praemia
1184 3011 1303 3062 tribuere

111 3096 240 3160 Eudoxo,
266 3095 441 3147 emendatum
465 3109 526 3148 esso
551 3096 654 3148 decreti
680 3098 802 3148 tenorem
826 3096 879 3160 ita,
906 3098 936 3144 ut
957 3097 1102 3161 praecipuo
1125 3095 1240 3148 formula
1259 3096 1303 3148 illa

111 3179 177 3234 εἶναι
196 3179 225 3232 δὲ
243 3179 369 3251 αὐτῷκαὶ
386 3179 455 3251 παρὰ
472 3183 518 3233 τοῦ
536 3179 620 3251 δήμου
640 3177 759 3250 cupiatur
778 3176 876 3251 ἀήαδδν
894 3175 933 3232 δτι
950 3175 981 3231 ἂν
1000 3177 1105 3249 δύνηται
1123 3183 1302 3242 omitteretur,

109 3269 213 3333 qnippe
231 3279 300 3332 quae
318 3265 412 3334 populi
430 3265 566 3332 sullraglis
583 3268 618 3318 nd
637 3268 745 3318 irritum
763 3267 873 3318 mdaota
891 3267 972 3316 esset.
1009 3267 1042 3316 At
1060 3267 1207 3333 stonsque
1225 3267 1305 3317 lntol·

111 3353 218 3417 legitur,
244 3354 291 3418 qui
315 3351 362 3404 llat
391 3355 421 3404 ut
447 3365 501 3403 non
529 3352 602 3404 idom
625 3351 708 3404 homo
734 3354 762 3403 in
785 3353 902 3417 utroque
925 3353 1093 3416 rogationem
1119 3351 1215 3404 tulisse
1234 3353 1304 3404 sori-

111 3438 201 3500 batur‚
222 3451 286 3490 oum
305 3441 395 3490 tamen
413 3451 468 3492 uun
486 3439 590 3502 rogatio
609 3439 659 3502 sit,
679 3450 734 3489 non
752 3437 838 3498 dnae,
859 3449 946 3502 neque
965 3449 1019 3502 qna
1037 3437 1072 3488 de
1090 3449 1174 3490 oausa
1193 3439 1304 3490 omnino

113 3527 230 3589 utroquo
248 3524 351 3576 decreti
370 3523 457 3575 torma
475 3520 559 3590 lapidi
577 3525 663 3574 iuoisa
681 3524 725 3574 sit.
754 3523 909 3588 Simplicior
926 3521 1038 3586 quidem
1058 3525 1100 3574 est
1119 3523 1305 3590 lleytlsmauni

113 3609 247 3662 sententia
264 3609 298 3660 de
317 3613 414 3661 senatu
431 3623 458 3676 p.
475 3613 501 3658 tl
521 3609 603 3674 [ltl],
625 3611 764 3660 senatores
782 3611 891 3658 seoutos
904 3619 964 3658 esso
976 3607 1113 3674 Brachylli
1125 3611 1303 3674 rogationem,

113 3697 248 3747 relecta
265 3697 411 3747 Antion-atis
429 3695 573 3747 cuiusdam
595 3694 704 3758 [rectius
722 3693 835 3744 dixisset
846 3693 991 3744 llntloratis
1009 3691 1078 3757 lllii];
1099 3693 1147 3744 sod
1166 3705 1263 3743 vereor
1274 3697 1306 3744 ul

112 3783 203 3832 verior
220 3782 263 3832 sit.
301 3781 372 3832 Nam
391 3783 452 3847 quis
469 3793 590 3846 nuquam
610 3783 718 3844 praetor
735 3779 846 3830 decreta
864 3779 946 3830 stiam
964 3779 1118 3843 rogationes
1136 3779 1251 3829 reiectas
1264 3777 1305 3827 la-

112 3868 170 3934 pidi
189 3867 271 3918 inoldl
291 3867 388 3918 iussit?
418 3867 476 3917 Mea
494 3867 607 3931 quinem
625 3865 759 3917 sententia
777 3875 947 3930 perannum
966 3877 1020 3929 quo
1039 3863 1173 3915 senatoris
1192 3875 1305 3914 munere

113 3953 222 4005 innotus
235 3957 276 4004 est
287 3952 426 4014 Eudoxus,
445 3951 487 4002 bis
505 3951 565 4002 aliis
578 3949 748 4018 temporibus
765 3949 872 4014 aliaque
891 3949 926 4000 de
944 3961 1027 4001 oausu
1045 3948 1171 4000 laudatus
1190 3961 1307 3999 eorona-

112 4043 213 4104 tusque
232 4041 283 4088 eat.

202 4325 270 4396 334
293 4329 382 4392 Basia
409 4327 563 4409 quadrata
591 4329 754 4389 marmoris
777 4327 926 4408 Hymettii
958 4327 1088 4389 inventa
1109 4325 1242 4390 Athenis
1272 4327 1305 4388 in

118 4432 339 4498 fundamentis
362 4431 474 4496 domus
497 4431 521 4493 1.
547 4431 645 4492 Pikri.
678 4429 737 4492 Ed.
762 4429 800 4492 Α.
827 4429 1148 4492 lleuvette-Besuault
1170 4430 1307 4492 Bulletin
