3082 5054
184 295 187 304 Ι
238 343 301 406 358
747 341 811 390 Pars
829 341 911 405 prior.
1326 337 1423 401 [2⁴6-

282 561 314 611 65
327 541 439 632 δρομὰς
461 543 512 610 καί
534 545 634 617 θέσεις
658 538 835 628 ἀκοντισμοῦ
858 545 910 609 καὶ
925 544 1050 626 τοξείας,
1076 544 1127 628 τῖμ
1141 539 1171 608 δ’
1194 539 1331 630 ἐσχάΙΙιηι
1344 547 1423 608 καλ-

325 643 503 734 λιερησας28
525 641 667 712 ἐκάλεσεν
690 647 739 711 ἐπὶ
760 643 798 712 τά
822 643 888 733 ίερά
910 643 944 712 ού
969 641 1058 732 μόνον
1080 641 1151 725 τούς
1170 647 1348 732 μετέχοντας
1367 649 1422 711 τοῶ

272 777 274 786 ’
325 747 508 834 ἀλείμματος
527 747 532 834 Ι
553 745 631 814 ἀλλά
662 748 714 814 καί
746 745 814 823 τοὺς
847 746 967 822 λοιπούς
999 745 1122 832 πάντας,
1157 744 1334 834 ποιούμενος
1366 745 1422 834 την

326 847 482 937 μετάδοσιν
511 857 570 916 τῶν
601 853 687 938 ἱερῶν
714 851 766 918 καί
791 853 853 924 τοῖς
882 853 996 928 ξέΙνοις·
1032 849 1104 918 καθ’
1138 847 1262 917 ἕκαστόν
1284 877 1317 916 τε
1340 857 1423 938 μῆνα

324 957 463 1020 ἐπιτελῶν
484 950 537 1027 τάς
557 953 727 1040 πρεπούσας
755 957 863 1028 θυσίας
891 951 964 1042 θπέρ
992 959 1051 1020 τῶν
1073 956 1148 1022 νέυιν
1169 957 1230 1028 τοῖς
1250 953 1255 1042 Ι
1274 978 1424 1041 προεστη-

324 1053 406 1122 κάσιν
428 1062 480 1123 τοῶ
501 1057 665 1142 γυμνασίου
686 1059 770 1132 θεοῖς
799 1057 977 1146 φιλαγάθιυς
999 1058 1051 1124 καί
1075 1061 1288 1144 μεγαλομερῶς
1310 1060 1422 1144 ἐχρῆτο

324 1159 417 1233 τιθείς
448 1155 680 1245 διαΙκοντισμούς
709 1185 741 1226 τε
770 1161 822 1226 καί
848 1163 963 1236 τοξείας
988 1161 1040 1228 καί
1069 1157 1234 1248 διαδρομὰς
1262 1164 1418 1237 ἐπιτελῶν,

281 1275 315 1324 70
325 1259 501 1348 μεταδιδούς
535 1263 587 1348 μέν
621 1265 682 1336 τοῖς
715 1266 793 1338 νέοις
825 1267 883 1329 τῶν
903 1264 913 1350 ΙΙ
931 1265 1189 1350 καλλιερουμένιυν
1223 1259 1274 1350 ὑφ’
1313 1265 1424 1330 ἑαυτοῦ

325 1368 431 1452 ίερῶν,
467 1362 703 1453 προτρεπόμενος
733 1367 766 1432 δὲ
800 1364 850 1432 διὰ
875 1371 928 1452 τῆς
958 1363 1097 1452 τοιαύτης
1127 1366 1322 1454 φιλοδοξίαςΙ
1345 1366 1424 1454 πρὸς

325 1463 449 1554 ἄσκησιν
482 1467 535 1534 καί
564 1470 739 1555 φιλοπονίαν
768 1465 836 1542 τοὺς
864 1471 965 1549 νέους,
996 1472 1025 1542 ἐξ
1054 1463 1096 1534 ῶν
1126 1471 1157 1534 αἱ
1186 1473 1245 1534 τῶν
1268 1471 1423 1557 νεωτέρων

324 1569 418 1658 ψυχαὶ
438 1568 510 1658 πρὸς
533 1568 671 1658 ἀνδρείαν
701 1568 917 1658 ἀμιλλύμενΙαι
946 1575 1046 1647 καλῶς
1073 1565 1196 1658 ἄγονται
1223 1575 1284 1646 τοῖς
1313 1566 1423 1659 ἤθεσιν

250 1705 252 1712 ·
323 1671 397 1761 πρὸς
427 1671 550 1761 ἀρετιΙν·
587 1675 741 1759 μετεδίδου
770 1673 803 1738 δέ
831 1676 892 1748 τοῖς
915 1672 1125 1762 ἀλειφομένοις
1146 1679 1205 1740 τῶν
1230 1677 1317 1798 ἱερῶν
1337 1677 1341 1762 Ι
1361 1680 1424 1741 τῶν

326 1773 458 1842 ἀπὸτοῦ
481 1775 663 1862 ἀλείμματος
685 1777 727 1850 εἰς
749 1775 874 1856 οίκονέί,
906 1773 1007 1862 κοινὴν
1036 1775 1214 1862 ποιούμενος
1235 1803 1288 1864 την
1311 1783 1425 1865 φιλαν-

325 1881 461 1966 θρωπίαν
484 1880 535 1945 καί
556 1881 618 1952 τοῖς
641 1880 732 1953 ξένοις
751 1879 756 1966 Ι
775 1881 911 1964 τοῖςμετ
859 1881 1017 1966 μετέχουσι
1037 1885 1090 1945 τοῦ
1113 1877 1310 1966 άλείμματυς·
1331 1906 1425 1968 προς-

279 1985 440 2070 75ηνέχθη
471 1983 504 2048 δὲ
526 1977 743 2070 φιλανθρώπως
769 1983 820 2048 καί
849 1984 910 2055 τοῖς
936 1980 989 2056 τὰς
1012 2008 1170 2070 ακροασεις
1183 1983 1193 2070 ΙΙ
1206 1986 1425 2070 ποιησαμένοις

324 2091 426 2169 πᾶσιν,
467 2082 647 2174 βουλόμενος
676 2085 728 2150 καί
755 2089 786 2151 έν
815 2081 929 2158 τούτοις
958 2083 1009 2151 διά
1035 2092 1089 2151 τῶν
1115 2088 1359 2170 πεπαιδευμένων
1385 2084 1423 2152 τὸ

325 2188 442 2259 ἔνδοξον
463 2187 467 2276 Ι
486 2189 671 2276 περιτιθέναι
684 2191 734 2273 τηι
747 2189 882 2274 πατρίδι·
902 2185 1074 2274 ἐπεμελήθη
1092 2189 1125 2254 δέ
1139 2187 1190 2254 καί
1204 2195 1256 2274 της
1271 2194 1327 2254 τῶν
1343 2185 1425 2276 ἐφή-

325 2294 385 2379 βων
408 2290 459 2356 καὶ
480 2291 554 2356 νέων
575 2292 724 2371 παιδείας,
750 2295 802 2374 της
823 2314 856 2354 τε
877 2293 984 2377 λοιπῆς
1003 2291 1009 2378 Ι
1028 2289 1255 2378 εὐσχημοσύνης
1276 2299 1328 2379 τῆς
1343 2291 1425 2358 κατὰ

323 2391 356 2460 τὸ
382 2390 544 2480 γυμνάσιον
566 2390 751 2480 προενοήθη,
777 2387 961 2479 ἐχορήγησεν
985 2394 1091 2460 δὲκαὶ
1114 2394 1238 2482 ξύστρας
1260 2395 1312 2460 καὶ
1333 2397 1422 2474 ἐπαξ-

323 2497 473 2582 λείμματα
495 2495 615 2582 ἔθηκεν,
642 2495 829 2562 συνετέλεσεν
852 2495 885 2560 δὲ
908 2493 958 2561 καί
981 2493 1080 2582 ἀγῶνα
1101 2504 1157 2562 τῶι
1172 2494 1285 2584 Ἓρμεῖ
1300 2495 1350 2562 καί
1364 2503 1424 2562 τῶι

318 2595 472 2686 Ηρακλεῖ
493 2600 525 2664 ἐν
548 2603 600 2663 τῶι
608 2594 741 2663 Ὑπεε
688 2601 759 2685 ρβερ
761 2598 863 2663 εταίιυι
883 2598 887 2686 Ι
906 2596 998 2672 τιθείς
1020 2590 1154 2665 ἀθλα’
1114 2625 1232 2666 παντων
1247 2603 1306 2664 τῶν
1321 2596 1424 2685 ἀθλη-

326 2701 425 2788 μάτων
448 2703 509 2774 τοῖς
530 2725 599 2767 τεν
584 2703 663 2773 νέοις
684 2699 736 2766 καὶ
757 2703 819 2774 τοῖς
841 2697 965 2788 ἐφήβοις
987 2693 1104 2768 ύπλαέ
1104 2703 1272 2788 πίσημαέν
1258 2703 1423 2788 δεδεμένα

281 2804 360 2892 8οΙΙέ
361 2829 375 2868 ν
405 2801 606 2890 ὁπλοθήκαις,
637 2797 738 2889 ἐφ’ἳι
720 2807 839 2891 αέρπιγ
843 2801 921 2891 άφας
942 2801 1010 2878 τούς
1033 2802 1210 2890 νικήσαντας
1231 2831 1284 2891 την
1307 2801 1424 2870 ἀνάθε-

327 2933 372 2972 σιν
397 2903 494 2973 αύτῶν
515 2912 704 2993 παραχρῆμα
726 2907 757 2970 ἐν
778 2913 834 2972 τῶι
854 2908 1030 3001 γυΙμνασίυιι
1051 2905 1227 2992 ἐποιήσατο·
1255 2847 1365 2994 έθηκεν
1386 2909 1423 2973 δὲ

326 3010 377 3076 καὶ
401 3011 552 3096 δευτερεῖα
574 3009 707 3093 θέματα·
736 3010 845 3094 ἔθηκεν
868 3009 973 3076 δὲκαὶ
995 3012 1096 3076 παισίν
1120 3003 1202 3078 ἆθλα
1216 3011 1268 3076 καί
1283 3009 1424 3096 ὁπλομα-

327 3113 396 3199 χίας
416 3112 420 3200 Ι
440 3113 559 3197 θέματα
581 3108 705 3198 ἐφήβοις
734 3138 766 3178 τε
788 3110 839 3177 καί
862 3109 1022 3199 ἀνδράσιν,
1056 3110 1166 3199 δμοίως
1189 3113 1222 3179 δὲ
1244 3114 1296 3180 καί
1319 3116 1424 3178 διατο-

327 3216 405 3288 ξείας
426 3215 478 3280 καί
505 3218 727 3300 διακυντισμοῶ·
759 3216 867 3301 ἔθηκεν
898 3215 931 3280 δέ
959 3215 1010 3280 καί
1030 3215 1034 3302 Ι
1053 3209 1132 3283 ύπλα
1162 3223 1278 3304 μακροῦ
1307 3214 1423 3304 δρόμου

325 3317 377 3382 καί
410 3313 547 3391 εύταξίας
582 3317 633 3383 καὶ
661 3317 836 3404 φιλοπονίας
862 3317 913 3382 καί
941 3313 1068 3391 εύεξίας·
1103 3321 1277 3392 συντελέσας
1309 3319 1341 3385 δέ
1371 3318 1425 3384 καί

325 3420 433 3486 θυσίαν
455 3423 516 3494 τοῖς
536 3421 540 3508 Ι
559 3423 833 3507 προγεγραμμένοις
854 3421 937 3494 θεοῖς
956 3417 1006 3486 καί
1021 3418 1248 3509 κατατρυχάσας
1262 3419 1315 3508 τὴν
1331 3419 1425 3489 εύαν-

282 3534 316 3584 85
326 3524 411 3610 δρίαν
426 3521 503 3588 κατά
517 3520 565 3588 τὸν
589 3519 689 3608 νόμον,
715 3520 856 3588 ἐκάλεσεν
879 3523 928 3588 ἐπὶ
950 3519 986 3587 τά
1001 3522 1011 3608 ΙΙ
1027 3521 1093 3610 ίερά
1113 3521 1181 3597 τούς
1204 3521 1423 3612 ἀλειφομένους

326 3621 437 3698 πάντας
459 3626 511 3691 καί
532 3621 600 3698 τούς
624 3627 721 3699 ξένους
743 3622 810 3699 τούς
830 3626 1007 3712 μετέχοντας
1030 3630 1087 3691 τῶν
1110 3632 1231 3710 κοινῶν,
1258 3626 1422 3715 λαμπράνΙ
1478 3655 1482 3664 ’

325 3725 528 3814 ποιησάμενος
549 3725 602 3814 τὴν
625 3725 775 3816 ὑποδοχὴν
798 3727 849 3793 καί
872 3726 955 3800 ἀξίαν
977 3734 1036 3794 τῶν
1059 3731 1137 3793 θεῶν
1158 3729 1210 3794 καί
1232 3735 1284 3795 τοῶ
1301 3728 1414 3817 δήμου·

325 3831 377 3897 ἵνα
399 3827 450 3897 ούν
474 3829 526 3896 καί
548 3827 563 3896 δ
587 3833 681 3918 δῆμος
703 3829 853 3918 φαίΙνηται
882 3825 950 3904 τούς
980 3827 1090 3905 καλούς
1117 3831 1169 3897 καί
1198 3829 1333 3918 ἀγαθούς
1361 3840 1422 3898 τῶν

268 3979 272 3990 -
328 3931 443 4021 ἀνδρῶν
458 3938 548 4019 τιμῶν
571 3932 622 3998 καὶ
642 3931 710 4007 τούς
733 3930 791 3999 ἀπὸ
813 3937 867 4016 τῆς
889 3929 1005 4020 πρῶτης
1027 3930 1146 4018 ἡλικίας
1169 3936 1351 4022 φιλοτίΙμους
1374 3963 1423 4023 γι-

327 4037 467 4123 νομένους
488 4034 554 4124 περὶ
575 4034 612 4102 τά
634 4034 720 4102 κοινά
742 4035 793 4100 καί
816 4039 978 4124 φιλοδοξεῖν
1000 4039 1250 4123 προαιρουμένους
1271 4035 1422 4134 ἀποδεχό-

311 4216 343 4262 26
362 4213 499 4277 Propriam
512 4210 635 4263 vocabuli
647 4211 703 4260 vim
716 4211 857 4261 evanuisse
875 4223 963 4276 nequa
981 4213 1126 4276 quicquam
1145 4217 1253 4277 praeter
1270 4213 1422 4279 simplicem

241 4297 410 4348 sacrificandi
428 4299 564 4349 notionem
583 4299 671 4348 inassa
689 4297 795 4348 monuit
811 4296 833 4348 J.
851 4297 931 4347 allato
944 4296 1047 4362 Polybii
1065 4297 1124 4348 Ιοου
1142 4299 1187 4362 ΙΙΙ,
1210 4303 1250 4362 ιι,
1272 4303 1296 4362 6,
1315 4298 1363 4350 ubi
1381 4299 1424 4349 la-

243 4383 302 4434 ίίσίε
320 4387 431 4435 eventus
450 4384 524 4434 notio
542 4387 615 4434 carta
628 4393 681 4432 non
695 4382 846 4432 necessaria
865 4385 944 4432 esset.
970 4382 1009 4433 Cf.
1023 4386 1161 4446 praeterea
1175 4383 1228 4434 ⁴21.
1311 4388 1341 4432 κν
1362 4385 1424 4434 Μυ-

243 4467 377 4520 nificentia
395 4472 421 4518 in
440 4469 492 4519 hac
510 4481 617 4534 quoque
635 4481 664 4518 ra
682 4468 766 4529 inest,
788 4481 849 4518 nam
868 4467 928 4519 aliis
947 4469 974 4518 in
992 4467 1130 4519 sacrificiis
1148 4469 1244 4521 sedulo
1262 4468 1420 4533 cavebatur,
