3110 5056
258 301 319 361 114
763 299 827 350 Pars
845 300 928 364 prior.
1397 301 1439 365 [33
1550 303 1551 376 J

256 509 305 557 est.
336 503 464 556 Sohaeler
481 505 515 555 de
533 517 588 557 soc.
610 518 636 571 p.
653 509 677 558 3.
750 508 781 554 es
800 505 875 556 Hanc
893 516 1003 571 quoque
1020 507 1158 557 civitetem
1171 518 1187 557 a
1199 504 1323 568 Chabrie,
1344 509 1394 572 qui
1405 507 1441 558 ab

254 591 350 642 insulis
372 591 407 642 ad
424 590 555 642 Thraciae
578 603 654 642 cram
672 592 825 656 navigasset
842 592 868 642 et
886 590 985 642 deinde
1001 604 1050 656 per
1067 591 1208 643 Euboeam
1226 591 1352 644 rediisset
1373 595 1441 656 (331.

255 677 297 738 31)
317 677 345 726 13
364 676 520 728 societatem
537 679 674 742 receptam
692 677 791 727 conicit
808 676 870 726 Soh.
943 679 974 726 31
994 678 1130 743 Oppidum
1147 676 1274 729 Euboeae
1291 689 1376 744 prope
1389 678 1444 729 Ce-

253 775 351 813 naeum
369 763 590 828 promunturium
607 763 689 812 sitnm
706 757 778 829 (Διης
795 757 847 813 ἀπὸ
858 756 974 830 Κηναίου
994 767 1036 826 17,
1056 765 1110 828 31),
1129 763 1203 828 quod
1220 762 1329 814 rediens
1346 762 1380 814 ab
1394 777 1444 815 ex-

252 847 391 913 peditione
409 847 539 899 Chabrias
555 846 765 900 Atheniensibus
783 847 941 900 conciliasse
955 848 1073 900 videtur.
1097 848 1160 900 seha
1232 851 1259 897 31
1282 849 1371 908 Quum
1390 849 1444 900 La·

253 933 491 986 cedeomoniorum
508 933 603 984 elassis
620 934 690 984 inter
707 932 814 984 Naxum
831 937 859 985 et
876 935 974 986 Parum
992 947 1008 985 a
1026 933 1142 986 Chabrin
1159 935 1230 986 uicta
1247 937 1319 986 osset
1338 937 1444 998 (meuse

252 1017 403 1085 Septembri
427 1022 477 1068 373
501 1033 525 1069 a.
547 1018 609 1071 Chr.
634 1017 761 1070 Schaeler
783 1019 860 1070 Dem.
887 1021 898 1070 1
922 1033 949 1084 p.
970 1020 1011 1083 33)
1038 1021 1130 1071 333133
1152 1022 1299 1072 necessisse
1323 1021 1444 1073 coniecit

251 1105 313 1156 sch.
340 1103 375 1155 de
392 1117 449 1156 soc.
469 1118 497 1172 p.
519 1109 560 1155 11,
597 1106 627 1154 13
646 1104 739 1156 dextra
756 1107 832 1170 parte
850 1103 966 1156 aliorum
985 1106 1184 1166 insulanorum,
1204 1107 1328 1172 inprimis
1339 1107 1443 1159 Naxio—
1550 1099 1551 1162 l

254 1203 325 1252 rum,
345 1191 455 1241 nomina
473 1191 624 1256 perierunt.
731 1193 763 1240 33
789 1189 954 1241 Athenarum
976 1189 1159 1242 Euboicarum
1186 1187 1310 1259 (Ἀθῆναι
1328 1186 1442 1256 hana),

251 1276 343 1342 oppidi
361 1289 446 1342 prope
464 1275 543 1326 Dium
562 1275 616 1337 siti,
636 1276 718 1327 cives.
807 1279 839 1325 33
859 1275 1014 1327 Admodum
1031 1276 1189 1342 ambiguum
1207 1277 1272 1339 hoe,
1298 1290 1388 1343 neque
1407 1292 1442 1330 ex

251 1361 377 1412 omnihus
395 1373 465 1426 quae
483 1362 619 1426 proposita
637 1365 701 1412 sunt
718 1360 916 1427 supplementis
934 1361 1020 1412 ullum
1037 1359 1103 1414 terri
1115 1364 1204 1429 potest
1215 1365 1323 1429 praeter
1334 1363 1440 1426 Meteri,
1550 1409 1551 1436 i

251 1448 298 1512 qui
316 1441 433 1516 Παλαιῆς
450 1449 499 1497 331
516 1441 624 1514 Παλλῆς
641 1445 694 1511 legi
712 1445 801 1506 iubet.
826 1447 858 1497 ut
875 1445 1063 1512 cephalleniae
1086 1447 1192 1499 insulae
1215 1449 1311 1499 civitas
1329 1447 1441 1500 intelle-

250 1536 336 1596 gatur,
356 1545 426 1597 quae
444 1531 523 1596 uolgo
540 1527 616 1600 Ποίλη
636 1525 867 1600 (1333133Παλῆ3)
886 1533 1024 1584 scribitur.
1097 1537 1128 1584 31
1147 1531 1286 1598 Supplevit
1302 1533 1436 1600 Rengabe.

249 1617 307 1669 Etsi
326 1617 456 1668 traditum
474 1621 597 1680 nonest,
622 1619 767 1683 optimates
790 1621 849 1668 tum
872 1621 1011 1684 separatos
1033 1619 1068 1670 ab
1092 1617 1269 1684 popularibus
1287 1619 1387 1670 alicubi
1412 1622 1441 1672 in
1550 1615 1551 1664 ί

249 1717 314 1768 agro
326 1702 477 1768 Corcyraeo
489 1703 646 1755 consedisse
664 1705 692 1754 et
709 1701 906 1767 rempublicam
925 1705 1101 1756 constitutam
1119 1703 1257 1766 habuisse,
1278 1707 1368 1755 tamen
1387 1705 1442 1756 hoo
1550 1751 1551 1756 ,

249 1791 406 1842 3333333313
424 1789 561 1853 colligitur
579 1803 611 1840 ex
635 1787 750 1840 lormuls
774 1781 943 1858 Κερκυραίων
962 1787 976 1840 ὁ
994 1787 1077 1859 δῆμος
1102 1789 1143 1852 (cl.
1164 1791 1188 1850 h,
1209 1793 1251 1841 31.
1272 1791 1327 1852 33).
1369 1789 1441 1842 Nam

249 1887 319 1938 qnae
337 1874 430 1926 Busolt
447 1887 475 1940 p.
495 1877 545 1924 713
562 1875 597 1926 do
615 1875 666 1926 hac
683 1887 713 1925 re
731 1873 850 1938 protulit,
872 1873 958 1926 iutilia
975 1878 1048 1926 3331.
1073 1874 1217 1940 Corcyraei
1234 1876 1263 1926 in
1280 1875 1442 1927 societatem
1550 1887 1551 1940 1

248 1961 352 2026 recepti
371 1964 434 2013 suut
450 1961 629 2024 eTimotheo,
649 1973 734 2025 quum
753 1961 776 2010 is
794 1961 866 2012 circe
884 1959 1099 2026 Peloponnesum
1117 1961 1270 2025 nauigasset
1286 1961 1337 2013 sub
1356 1960 1442 2014 tinam

249 2046 289 2100 01.
311 2050 400 2110 111,1
427 2045 717 2110 (semetsemet.
748 2045 820 2098 Sane
837 2045 979 2098 decretum
999 2047 1033 2098 de
1051 2049 1091 2098 eis
1109 2045 1189 2098 simul
1208 2058 1272 2097 cum
1290 2047 1442 2100 Acarnani—
1550 2093 1551 2096 ,

250 2129 303 2181 bus
316 2133 343 2182 et
354 2130 566 2197 Cephallenibus
579 2130 760 2184 inscribendis
777 2131 813 2194 (n.
824 2131 866 2193 33)
886 2144 941 2184 333
959 2133 1022 2184 3313
1040 2145 1162 2184 mensem
1173 2133 1324 2196 Augustum
1337 2132 1440 2184 1331313
1550 2175 1551 2180 ,

248 2219 298 2267 est.
337 2216 391 2268 Sed
415 2217 479 2268 inde
498 2217 588 2280 colligi
606 2229 661 2267 non
679 2215 752 2278 licet,
772 2215 896 2268 ordinem
915 2221 1068 2284 temporum
1087 2217 1242 2282 neglectum
1266 2231 1326 2269 esse
1345 2221 1441 2272 civita-

248 2301 321 2353 tibus
338 2301 468 2354 Thraciae
496 2304 528 2368 (b,
548 2303 624 2366 3-3)
651 2303 721 2352 inter
739 2301 906 2366 Corcyraeos
928 2307 957 2355 et
973 2305 1128 2355 Acarnanes
1152 2304 1328 2369 interpositis.
1366 2304 1438 2356 Nam
1550 2287 1551 2354 ί

247 2387 325 2440 133113
344 2387 402 2440 fieri
420 2391 516 2455 potuit,
542 2392 573 2440 ut
589 2387 686 2440 eodem
705 2385 760 2439 lere
778 2389 902 2454 tempore
919 2387 954 2440 de
972 2389 1127 2440 civitatibus
1144 2393 1172 2440 31
1195 2401 1263 2453 quas
1280 2389 1439 2442 Timotheus
1550 2439 1551 2456 ,

247 2477 275 2525 et
287 2487 356 2539 quas
368 2475 496 2526 Chabrias
509 2476 537 2526 in
549 2477 708 2526 societatem
719 2477 860 2540 receperat
871 2473 1051 2526 inscribendia
1069 2473 1211 2539 plebiscito
1224 2475 1328 2538 tierent,
1349 2475 1398 2527 sod
1410 2479 1440 2527 in

247 2559 378 2611 laterculo
395 2561 462 2612 ordo
479 2564 632 2626 temporum
651 2558 856 2622 observaretur,
876 2558 975 2624 quibus
994 2561 1092 2625 cuique
1110 2561 1213 2612 civitati
1231 2573 1295 2612 oum
1312 2565 1438 2626 praetore

246 2643 452 2696 Atheniensium
470 2645 504 2696 de
521 2646 651 2698 societate
669 2648 848 2708 convauernt;
868 2648 1019 2696 statuemus
1036 2645 1119 2710 igitur
1136 2658 1199 2696 oum
1217 2644 1372 2708 Sohnolero‚
1392 2645 1440 2697 Ti·

246 2729 389 2780 motheum
406 2731 483 2795 prius
500 2730 611 2794 quidem
629 2730 776 2794 Corcyram
794 2733 949 2797 pervenisse
967 2744 1051 2795 quem
1063 2729 1208 2781 Chabriam
1221 2729 1367 2796 Abderam,
1387 2731 1438 2784 sed

246 2816 401 2866 Aceruenas
419 2819 447 2866 31
463 2815 584 2867 Pronnos
603 2816 792 2882 Cephallaniae
810 2816 913 2881 aliquot
933 2815 1073 2868 mensibus
1091 2819 1154 2882 post
1170 2816 1281 2868 domum
1300 2817 1335 2868 ad
1354 2816 1438 2870 Athe·
1550 2837 1551 2892 3

246 2901 382 2952 niensium
394 2899 490 2952 foedus
502 2903 658 2953 accessisse.
722 2905 752 2952 33
772 2901 807 2952 111
823 2901 874 2952 1333
892 2905 920 2952 31
936 2903 984 2967 qui
1001 2905 1152 2966 sequamur
1168 2915 1256 2967 usque
1274 2902 1438 2955 3311113333-

244 2986 343 3052 politae
365 2986 400 3049 )ν.
422 2986 445 3049 3)
469 2985 599 3038 Chabrias
623 2987 727 3052 recepit
752 2999 817 3038 vere
844 2989 908 3038 euni
937 2990 986 3038 371
1013 3001 1038 3038 3.
1063 2987 1126 3038 Chr.
1158 2987 1278 3051 (Diodor.
1302 2989 1366 3052 xl,
1392 2991 1436 3041 33.
1550 3027 1551 3056 ,

244 3074 349 3124 Aeneas
367 3071 441 3124 Tact.
461 3075 504 3138 11,
524 3077 550 3123 3.
575 3070 702 3124 Schseler
719 3071 753 3124 de
772 3085 830 3124 soc.
849 3086 876 3139 p.
897 3077 928 3124 13
948 3086 1007 3138 sqq.
1036 3072 1112 3124 bom.
1131 3074 1143 3122 1
1160 3086 1187 3139 p.
1208 3075 1260 3136 33).
1331 3073 1436 3126 331133

243 3159 403 3210 societatem
431 3157 582 3208 civimtium
610 3157 836 3220 Chalcidicamm,
865 3158 914 3210 scd
940 3157 1098 3211 Chalcidem
1125 3159 1257 3225 oppidum
1284 3159 1319 3210 ad
1346 3159 1437 3212 Athon

247 3247 369 3296 montem
387 3245 471 3295 sitnm
493 3242 592 3310 (steph.
613 3243 765 3307 synar.)
786 3243 999 3309 intellegendum
1017 3246 1124 3296 monuit
1140 3244 1203 3298 sch.
1223 3245 1258 3297 de
1276 3257 1334 3298 soc.
1353 3259 1381 3310 p.
1394 3251 1437 3297 13.

244 3333 276 3379 37
296 3323 386 3381 Δίκαια
403 3326 473 3398 nepot
484 3319 605 3398 Ἄβδηρα
626 3330 678 3393 (lli,
699 3333 741 3384 33.
763 3330 814 3393 31.)
836 3327 1017 3394 intellegenda
1035 3333 1113 3393 sunt,
1137 3343 1192 3381 non
1209 3331 1293 3382 311333
1311 3331 1438 3383 eiusdem

242 3417 362 3468 nominis
380 3416 488 3478 3111133,
508 3414 615 3466 3313313
633 3415 837 3468 Eretriensium.
912 3420 943 3467 33
962 3415 1001 3468 Cl.
1015 3419 1072 3468 not.
1087 3418 1128 3466 31.
1202 3419 1234 3465 33
1253 3416 1363 3468 Diodcr.
1377 3417 1435 3481 XV,

244 3504 276 3552 31
295 3497 422 3570 Τιμόθεος
440 3499 469 3552 tl
486 3497 642 3569 παραλαβὼν
659 3499 707 3569 τὴν
724 3497 863 3571 ναυαρχίαν
880 3499 924 3554 καί
941 3499 1053 3559 πλεύσας
1070 3499 1107 3560 είς
1124 3499 1170 3569 τὴν
1189 3493 1372 3572 Κεφαλληνίαν
1390 3501 1438 3561 τιίς

241 3583 265 3638 τ’
287 3585 397 3658 ἐναὺπῇ
415 3581 502 3643 πόλεις
518 3585 609 3651 [immo
627 3587 747 3638 Prcrmos
765 3587 845 3649 soloe,
867 3587 901 3640 cl.
921 3589 991 3640 Xan.
1011 3586 1080 3638 11311.
1096 3587 1178 3654 111,,3,
1199 3587 1241 3651 33]
1262 3585 1437 3658 πραςηηιίρσεο

242 3671 285 3725 καί
302 3671 347 3732 τὰς
364 3669 431 3725 eard
447 3669 495 3741 τὴν
508 3667 675 3742 Ἀκαρνανίαν
688 3669 784 3740 ὁμοίως
796 3670 893 3724 ἔπεισεν
905 3669 1043 3725 ἀποκλῖναι
1054 3671 1118 3740 πρὸς
1129 3667 1285 3742 Ἀθηναίους.
1312 3669 1439 3726 ’meam

240 3774 269 3810 τε
286 3758 329 3811 τὸν
342 3753 483 3812 Μολοττῶν
502 3754 607 3826 βασιλέα
619 3754 692 3828 φίλον
704 3755 902 3822 κατασκευάσας,
923 3755 1094 3812 καλκαθόλου
1108 3755 1154 3816 σὰς
1167 3755 1287 3817 πλείστας
1304 3764 1355 3812 τῶν
1379 3759 1440 3828 περὶ

239 3843 300 3903 τοὺς
317 3843 413 3902 τόπους
431 3841 542 3902 ἐκείνους
560 3840 662 3896 πόλεων
680 3841 942 3913 ἐξιδιοποιησάμενος,
968 3841 1068 3914 ἐνίκησε
1084 3871 1120 3881 -
1136 3841 1197 3904 τοὺς
1214 3839 1438 3912 Λακεδαιμονίους

241 3928 298 4001 περὶ
314 3925 445 3983 Arcadia.
483 3929 522 3981 De
545 3929 638 3980 Alcate
663 3931 777 3995 eiusque
800 3928 856 3980 tilio
874 3929 1051 3997 Neoptolemo
1073 3928 1108 3983 ci.
1132 3931 1247 3982 1131331
1273 3945 1301 3997 p.
1322 3934 1352 3980 13
1373 3944 1437 3996 sqq.

240 4013 367 4067 Schaeler
384 4015 460 4067 Dem.
480 4016 504 4065 ll
521 4027 549 4082 p.
569 4018 618 4064 337
638 4029 698 4082 sqq.
776 4019 806 4064 11
826 4015 900 4076 Quae
917 4019 1069 4081 sequuntur
1086 4017 1210 4068 civitates
1228 4017 1328 4082 partim
1345 4017 1373 4066 ln
1392 4016 1440 4067 in-

241 4099 308 4150 sulis
327 4101 410 4151 maris
433 4101 515 4166 Aegei
535 4101 569 4166 (ν.
590 4103 701 4151 11-33.
723 4104 765 4154 33.
786 4105 827 4152 31.
849 4103 892 4166 31)
910 4103 1009 4168 partim
1028 4103 1055 4152 in
1074 4101 1164 4153 littore
1181 4100 1315 4152 Threciae·
1333 4101 1368 4163 (ν.
1390 4103 1435 4152 37.

241 4188 283 4237 33.
304 4187 425 4249 33-31)
447 4188 526 4251 sitae,
553 4199 599 4238 eas
623 4199 718 4238 omues
741 4199 758 4238 3
782 4187 923 4240 Timotheo
948 4189 1018 4238 inter
1040 4200 1163 4240 mensem
1187 4187 1306 4253 Aprilem
1333 4189 1381 4236 371
1408 4201 1435 4238 a.

240 4271 321 4332 Chr.‚
342 4283 396 4337 quo
414 4284 496 4324 nares
514 4273 647 4338 solverat,
674 4275 701 4323 et
717 4272 899 4326 Nouembrem
922 4273 1046 4326 eiusdem
1068 4275 1147 4336 enni,
1174 4287 1228 4338 quo
1252 4273 1380 4339 praetura
1406 4285 1439 4324 se

239 4356 369 4409 abdicere
388 4360 500 4410 3333133
517 4359 565 4420 est,
587 4359 614 4409 in
633 4361 792 4412 societatem
809 4363 933 4426 receptes
951 4361 1046 4412 statuit
1063 4357 1190 4411 Schaeier
1213 4359 1247 4410 de
1266 4371 1322 4412 soe.
1342 4371 1370 4424 p.
1391 4361 1439 4410 te.

242 4448 272 4494 17
291 4443 399 4496 33113113
423 4443 491 4495 13313
508 4443 620 4495 Diodori
642 4445 708 4508 XV,
730 4447 761 4496 17
789 4446 843 4511 (qoi
868 4459 932 4498 ν333
955 4445 1029 4498 131313
1052 4445 1171 4508 enecuit)
1196 4449 1224 4497 31
1246 4443 1442 4510 Xenophontis
