3138 5050
577 1520 871 1618 Praefatio.

226 1911 335 2011 Quum
363 1943 536 2029 bibliopola
557 1943 801 2012 honestissimus
822 1947 944 2030 aliquot
965 1947 1080 2014 abhinc
1101 1969 1204 2016 anuos
1225 1971 1247 2016 a
1268 1972 1319 2018 me

135 2075 259 2155 peteret
286 2075 321 2134 ut
342 2067 562 2135 collectionem
592 2069 832 2155 inscriptionum
856 2070 1051 2139 Graecarum
1073 2073 1115 2139 ad
1137 2093 1189 2140 res
1211 2083 1320 2158 gestas

136 2203 169 2260 et
190 2193 337 2260 instituta
358 2192 550 2259 Graecorum
581 2195 803 2279 cognoscenda
829 2195 1001 2282 praecipue
1030 2197 1155 2263 utilium
1185 2197 1321 2265 confice-

137 2337 213 2396 rem,
240 2337 305 2382 non
327 2316 471 2382 dubitavi
493 2316 523 2383 ei
545 2337 666 2385 morem
681 2337 801 2402 gerere,
828 2320 905 2405 quia
926 2319 1012 2403 quod
1033 2319 1320 2390 olim1.0.0rel-

134 2441 198 2507 lius
228 2448 261 2508 et
282 2439 322 2507 G.
347 2439 533 2524 Hemeseo,
559 2462 663 2528 nuper
686 2441 726 2509 d.
752 2443 982 2510 Wilmannsius
1010 2441 1044 2508 in
1074 2441 1173 2509 titulis
1196 2445 1318 2512 Latinis

135 2586 198 2632 non
220 2565 291 2633 sine
312 2585 429 2650 magno
451 2565 555 2633 fructu
577 2567 766 2651 effecerunt,
798 2567 894 2632 etiam
922 2565 956 2632 in
979 2567 1111 2634 Graecis
1137 2566 1225 2634 haud
1246 2568 1319 2634 inu-

135 2691 191 2757 tile
213 2690 353 2756 futurum
374 2709 447 2757 esse
469 2709 657 2776 persuasum
679 2691 847 2757 habebam.
886 2691 1016 2757 Accessi
1038 2691 1136 2775 igitur
1158 2691 1201 2758 ad
1223 2712 1313 2777 opus,

135 2815 223 2899 quod
245 2815 342 2882 variis
364 2816 501 2898 negotiis
523 2814 761 2900 interpellatum
776 2835 861 2881 nnnc
876 2813 1002 2882 demum
1018 2815 1196 2884 absolutum
1211 2816 1243 2882 in
1259 2837 1320 2902 pu-

135 2939 255 3005 blicum
278 2939 439 3006 emittitur.

221 3065 327 3146 Atque
348 3063 381 3129 in
403 3063 562 3148 eligendis
592 3061 721 3147 quidem
746 3063 848 3129 titulis
870 3061 947 3146 quid
969 3061 1168 3147 potissimum
1190 3071 1318 3131 secutus

135 3189 210 3273 sim,
242 3187 302 3256 etsi
324 3187 512 3271 singillatim
534 3207 695 3274 exponere
717 3189 847 3272 longum
869 3191 936 3267 est,
969 3187 1081 3271 paucis
1104 3193 1210 3254 tamen
1231 3187 1318 3254 indi-

134 3313 271 3379 candum
294 3311 427 3378 videtur.
467 3311 561 3379 Volui
582 3311 680 3396 igitur
702 3313 786 3379 hanc
808 3313 956 3397 syllogen
980 3317 1125 3396 spectare
1148 3309 1191 3376 ad
1212 3311 1317 3377 natio-

58 3521 60 3528 γ
134 3438 191 3504 nis'
206 3437 349 3503 Graecae
371 3457 423 3503 res
446 3437 696 3520 cognoscendas.
743 3437 850 3516 Quare
872 3437 956 3502 intra
977 3435 1057 3501 fines
1079 3454 1188 3500 earum
1210 3435 1317 3518 regio-

134 3583 210 3629 num
239 3582 290 3628 me
316 3561 471 3646 continui,
502 3583 585 3645 quac
611 3562 675 3628 iam
703 3571 776 3628 ante
799 3559 976 3627 Alexandri
1003 3559 1111 3644 magni
1139 3565 1275 3626 aetatem
1297 3579 1318 3626 a

134 3685 268 3754 Graecis
290 3683 536 3768 habitabantur,
568 3685 709 3754 abstinui
730 3705 751 3751 a
772 3685 875 3751 titulis
905 3683 1033 3750 Asianis
1063 3684 1199 3767 (praeter
1228 3703 1316 3749 oram

133 3809 325 3876 maritimam
348 3809 599 3894 occidentalem),
624 3809 792 3895 Aegyptiis
815 3809 926 3891 eisque
947 3805 1002 3890 qui
1024 3805 1145 3890 passim
1171 3825 1230 3890 per
1254 3805 1315 3871 im-

133 3935 215 4020 perii
243 3933 378 4000 Romani
406 3933 587 4020 provincias
609 3933 875 4018 septentrionales
902 3939 934 3998 et
956 3929 1169 3997 occidentales
1191 3927 1315 3996 inventi

134 4067 223 4136 sunt;
250 4079 314 4124 nou
336 4077 398 4140 quo
420 4058 615 4142 ignorarem,
648 4057 721 4123 aliis
750 4057 930 4123 nominibus
954 4053 1039 4120 hand
1061 4071 1179 4138 paucos
1202 4072 1243 4118 ex
1264 4052 1315 4120 his

132 4182 341 4267 gravissimos
364 4189 397 4250 et
419 4181 604 4249 utilissimos
626 4201 715 4267 esse,
747 4179 804 4247 sed
833 4179 909 4264 quia
939 4179 979 4245 ab
1002 4177 1096 4244 huius
1119 4177 1314 4244 collectionis
1397 4247 1402 4255 ,

132 4307 265 4374 consilio
280 4313 501 4392 argumentum
523 4325 630 4374 eorum
656 4305 814 4372 abhorret.
861 4305 904 4370 At
925 4305 1052 4370 illarum
1075 4301 1240 4386 regionum
1261 4301 1313 4366 iu-

134 4433 322 4520 scriptiones
350 4431 446 4499 etiam
468 4429 675 4497 Macedonum
705 4437 737 4497 et
758 4431 971 4495 Romanorum
1003 4426 1137 4512 imperio
1165 4432 1313 4500 exaratas
