3110 5056
244 278 306 340 120
748 277 809 328 Pars
827 277 910 341 prior.
1383 277 1423 342 [tt

330 477 486 566 34444444νῦ,
521 477 579 547 ἀπὸ
601 475 805 567 Χαρισάνὸρ1ο
834 473 978 568 ἄρχοντος
997 475 1130 567 ’Idaeis-q<
1152 480 1296 566 Θεογένος
1314 478 1424 570 Ἀχαρ·

329 581 433 668 cedd,
467 583 556 671 μέχρι
584 587 617 650 τῆ
633 578 907 669 Ἕκατομβαιῶνο1ς
936 581 1027 670 μηνὸς
1056 587 1089 650 ro
1119 580 1167 649 ἐπὶ
1188 579 1424 669 Ἱπποδάμαντος

328 681 474 776 ἄρχοντος
496 687 666 772 Σωσιγένης
682 682 821 752 Σωσιάδο
836 682 1052 772 Ξ444414444343,
1079 683 1213 754 ἐνιαυτὸν
1235 684 1283 753 ἐπὶ
1302 684 1424 754 Καλλέα

286 786 676 879 1οἄρχ4444ς9Ἐπιγένη1ς
698 787 877 875 ΜῙπαγένος
903 791 938 856 da
959 787 1093 877 Κ411ίλης,
1115 786 1292 878 Ἀντίμαχος
1322 787 1425 856 Εὐθυ-

327 891 400 979 νόμο
423 888 628 980 Μαραθώνιος
639 895 679 968 ¹⁰,
704 889 961 980 Ἠπ]ι(κ1ρσ’1τη]ς“
984 889 1173 980 Μενεστράτο
1196 890 1390 980 Π1αλληνεός.

412 995 488 1063 Αἵδε
509 999 569 1060 τῶν
590 991 706 1062 πόλεων
726 992 865 1081 [44146444
887 991 1094 1060 testeam-¹²

239 1253 354 1292 cuneum
373 1243 415 1292 444
431 1241 459 1290 44
476 1237 555 1305 piane
572 1237 735 1289 inauditum.
772 1236 805 1288 Ut
823 1238 906 1301 igitur
921 1237 1050 1289 Boeckhii
1071 1239 1140 1290 ratio
1165 1239 1279 1290 tenenda
1303 1241 1359 1300 est,
1384 1240 1426 1290 itu

239 1338 412 1391 nequaquam
431 1337 495 1376 cum
512 1337 545 1376 eo
562 1323 632 1375 haee
648 1323 682 1374 de
701 1322 812 1388 singulis
830 1323 927 1374 annuis
945 1322 1146 1388 magistratibus
1166 1325 1336 1390 interpretari
1359 1323 1426 1377 lieet

242 1411 305 1474 (not.
326 1412 362 1474 41.
400 1411 487 1462 immo
509 1412 637 1461 accurato
660 1410 802 1476 perpensis
820 1412 973 1473 temporum
990 1407 1173 1460 notationibus
1190 1423 1259 1476 quae
1278 1423 1304 1462 v.
1326 1413 1340 1460 t
1359 1423 1425 1477 sqq.

238 1495 365 1560 teguntur
383 1493 428 1560 (41.
448 1499 503 1547 444.
525 1499 549 1548 t.
570 1499 595 1546 8.
616 1496 639 1560 4)
665 1498 777 1561 apparet
797 1497 879 1546 trium
897 1495 1017 1546 virorum
1036 1492 1179 1559 collegium
1198 1493 1279 1547 inissa
1297 1496 1336 1547 sic
1354 1509 1427 1548 con·

238 1583 370 1642 stitutum,
390 1583 421 1632 ut
437 1581 581 1647 quotannis
594 1593 665 1632 nnus
683 1583 821 1631 crearetur
838 1581 916 1645 isque
928 1593 978 1646 per
994 1581 1141 1632 triennium
1160 1593 1259 1632 munus
1277 1580 1425 1634 obtineret.

238 1668 272 1717 nt
289 1667 395 1717 initium
413 1665 495 1718 huius
513 1667 628 1718 instituti
646 1667 686 1717 sic
703 1665 785 1717 modo
803 1664 861 1716 41444
878 1667 974 1732 potnit,
997 1668 1028 1717 nt
1043 1667 1099 1718 tres
1116 1666 1196 1717 414441
1214 1670 1372 1719 crearentur
1389 1681 1427 1720 ca

238 1752 397 1804 condicione
414 1754 446 1802 ut
462 1765 494 1804 ex
512 1753 551 1804 eis
569 1763 640 1803 unus
658 1763 770 1816 annum,
789 1751 858 1804 alter
873 1751 1025 1815 biennium,
1045 1753 1142 1804 tertius
1154 1753 1300 1804 triennium
1318 1754 1345 1805 44
1364 1753 1429 1804 441-

238 1837 308 1902 14344
327 1840 456 1890 manaret.
493 1839 587 1902 ltaque
605 1851 639 1889 44
661 1837 749 1890 4441444
772 1839 851 1889 44414
868 1851 986 1904 quorum
1009 1838 1055 1889 1414
1070 1839 1189 1889 44144444
1207 1839 1423 1904 perscribuntur,

237 1924 342 1990 primus
363 1922 412 1986 (01.
433 1921 521 1985 44441
541 1923 752 1990 Amphictyonas
770 1922 865 1976 habuit
882 1923 1044 1991 Epigenem,
1071 1925 1242 1988 Sosigencm,
1268 1923 1423 1990 Epicratem

240 2007 285 2072 (44.
305 2012 361 2060 not.
383 2009 434 2072 44),
455 2008 524 2060 ulter
544 2008 593 2071 (01.
613 2009 891 2074 444418444344444,
914 2008 1083 2076 Epicratem,
1110 2009 1229 2070 idioten,
1255 2009 1350 2061 tertius
1371 2009 1423 2074 (01.

238 2099 297 2158 444,
314 2096 336 2158 a)
351 2093 514 2161 Epicratem,
533 2094 644 2159 Idioten,
665 2094 863 2146 Antimachum.
936 2098 951 2145 4
968 2095 1103 2147 tutunus
1115 2107 1165 2161 per
1176 2097 1262 2146 totum
1275 2095 1426 2146 4414444444

236 2184 284 2231 aut
296 2179 505 2246 quadriennium
517 2179 605 2232 scriba
623 2179 683 2244 tuit,
702 2183 758 2244 ant,
777 2181 800 2232 si
811 2181 895 2232 annui
913 2178 1031 2242 1444444,
1050 2181 1182 2247 postremi
1200 2180 1282 2232 modo
1304 2180 1424 2246 (01444,

237 2265 274 2328 a),
293 2267 341 2331 qui
358 2265 427 2318 haec
444 2266 590 2319 incidenda
608 2267 723 2330 curavit,
749 2279 848 2318 nomen
865 2269 1034 2318 recensetur.
1070 2265 1141 2318 Nam
1166 2279 1236 2331 quae
1260 2267 1424 2332 sequuntur,

236 2351 335 2402 iniuria
358 2365 374 2402 a
397 2350 427 2405 B.
452 2355 480 2404 et
502 2352 532 2404 (t.
556 2351 591 2403 ad
620 2351 725 2404 scribas
753 2351 848 2416 relata,
876 2351 911 2404 ad
933 2351 1144 2418 Amphictyonas
1169 2353 1261 2417 potius
1289 2354 1424 2418 spectant.

237 2441 251 2486 7
270 2437 299 2488 Β.
319 2451 382 2490 oum
400 2437 532 2502 4441444,
558 2437 607 2490 sed
630 2452 656 2491 v.
677 2441 691 2488 t
715 2440 777 2504 post
799 2435 922 2509 ἄρχοντος
947 2442 1081 2489 commate
1099 2437 1290 2502 distingueret,
1316 2437 1426 2489 idioten

235 2523 353 2574 scribam
371 2536 491 2574 annuum
505 2524 545 2576 01.
561 2527 635 2586 444,4
656 2535 717 2574 4444
735 2523 848 2589 putavit.
873 2523 907 2575 nt
923 2535 1026 2574 annum
1044 2523 1152 2575 civilem
1170 2523 1342 2587 magistratus
1359 2523 1426 2587 quis

236 2608 329 2663 credet
347 2621 397 2674 pro
415 2609 531 2676 simplici
555 2615 582 2661 et
606 2610 783 2662 usitatissimo
805 2608 852 2660 ilto
874 2605 917 2660 4441
934 2603 1110 2678 Xaprcdsdpon
1134 2605 1258 2681 ἄρχοντος
1282 2611 1337 2660 tarn
1358 2620 1427 2674 por-

235 2693 315 2758 ptexa
339 2698 367 2746 et
390 2695 562 2748 incommoda
582 2697 687 2746 ratione
709 2695 859 2746 indicatum
882 2693 986 2746 inisset
1020 2696 1107 2747 lmmo
1131 2695 1173 2746 1444
1193 2699 1222 2746 44
1238 2695 1272 2746 444
1289 2705 1358 2758 qnae
1376 2705 1426 2745 se·

235 2783 357 2844 quantur
374 2781 526 2832 accuratius
544 2779 673 2833 definitur
694 2781 735 2832 vis
752 2779 901 2832 verborum
921 2777 1014 2851 χρόνον
1038 2778 1098 2832 dnos
1121 2777 1228 2838 44444444
1245 2777 1325 2852 ἦρχεν
1347 2791 1373 2830 v.
1393 2782 1424 2832 4.

235 2863 334 2915 idiotes
352 2865 513 2930 4344444444
540 2870 612 2931 444,4
641 2867 717 2917 444444
742 2867 770 2917 44
788 2865 1018 2931 Amphictyonum
1041 2865 1184 2932 4411434444
1207 2867 1332 2927 intrarit,
1357 2875 1424 2916 cum

234 2949 369 3015 Epigenes
389 2952 424 3015 (v.
444 2952 469 3015 t)
490 2965 602 3004 munere
620 2951 764 3004 defunctus
781 2953 863 3003 esset.
952 2955 966 3003 8
986 2951 1036 3003 1144
1059 2952 1136 3004 441414
1156 2951 1220 3002 4444
1239 2953 1317 3012 tots
1334 2951 1424 3015 magi·

235 3038 322 3087 stratu
347 3048 376 3087 se
399 3035 547 3089 abdicavit.
583 3037 682 3088 Mensis
700 3038 871 3099 nominatur,
890 3038 953 3103 quta
977 3035 1054 3108 μίχρι
1069 3030 1273 3106 Ἱπποδάμαντος
1299 3034 1425 3108 ἄρχοντος

234 3120 392 3187 ambiguum
411 3125 493 3174 esset.
582 3121 756 3189 9144444444
779 3125 842 3175 nota
859 3119 972 3176 44444444
989 3123 1055 3174 huto
1072 3124 1119 3174 uni
1138 3125 1241 3175 4444441
1258 3123 1348 3176 addita
1367 3121 1427 3174 sni-

234 3205 292 3258 ficit
309 3208 344 3259 ad
363 3207 538 3260 refellendam
556 3207 682 3260 Eoeckhii
709 3209 737 3258 at
754 3207 868 3260 Gttberti
894 3211 1066 3270 sententiam,
1094 3209 1141 3274 qui
1159 3210 1241 3261 trium
1267 3221 1424 3260 annuorum

235 3292 387 3344 scribarum
405 3295 452 3359 qni
470 3307 499 3346 44
518 3293 647 3360 deinceps
665 3296 835 3360 excepissent
852 3294 970 3345 iudicem
991 3293 1037 3346 1444
1055 3307 1200 3359 agnoscere
1218 3294 1271 3346 sibi
1287 3292 1424 3346 videban-

234 3381 286 3428 tur.
323 3380 354 3428 ln
381 3392 442 3430 mea
468 3392 534 3431 vero
561 3381 778 3443 4444444141444.
800 3379 923 3444 44144
949 3379 1075 3432 4444441444
1101 3383 1149 3446 qui
1174 3393 1296 3447 unquam
1313 3379 1426 3432 inerunt

233 3463 478 3530 Amphictyonihns
505 3478 534 3516 ra
561 3477 626 3516 vera
651 3478 723 3517 unus
741 3465 873 3532 Epigenes
900 3478 955 3517 non
981 3467 1099 3532 amptius
1122 3479 1193 3518 4444
1217 3469 1244 3517 44
1264 3467 1425 3532 magistratu

232 3549 391 3614 permansit.
480 3555 512 3601 44
531 3549 571 3602 Ex
582 3545 699 3603 ¹‹tunbus
716 3565 786 3618 quae
804 3555 907 3602 restant
924 3551 1078 3604 nominibus
1095 3551 1210 3604 altarum
1228 3553 1288 3604 eius
1306 3552 1352 3617 qui
1371 3565 1423 3617 per

233 3636 354 3700 primum
372 3637 516 3688 triennium
539 3637 807 3703 (01.44444,4-444,41
828 3639 855 3688 in
873 3651 988 3690 munere
1006 3637 1065 3702 tuit,
1084 3637 1200 3690 atterum
1213 3639 1275 3690 4144
1285 3639 1332 3703 qni
1345 3637 1424 3688 initio

235 3724 312 3784 itm
338 3722 366 3772 44
393 3721 485 3773 locum
503 3723 639 3788 Sosigenis
665 3725 798 3776 successit
821 3737 881 3776 4444
908 3722 998 3776 debet.
1034 3724 1097 3776 11444
1121 3724 1215 3776 441414
1233 3723 1422 3785 Antimachus,

232 3809 294 3858 uter
310 3806 451 3874 Epicrates
469 3807 558 3871 tuerit,
578 3809 696 3862 dubitari
714 3813 812 3875 potest.
842 3811 905 3863 Vari
924 3809 1040 3862 simitins
1058 3813 1147 3861 tamen
1166 3813 1216 3872 est,
1236 3809 1354 3875 primum
1372 3821 1424 3860 eos

232 3893 279 3956 qut
297 3907 347 3960 per
363 3897 468 3960 purtem
486 3893 568 3946 modo
591 3895 711 3960 aliquam
730 3896 837 3948 triennii
864 3897 892 3947 in
916 3909 1030 3948 munere
1053 3894 1154 3947 4444441
1176 3907 1271 3946 omnes
1294 3894 1424 3945 44444444

123 3970 127 3979 “
232 3980 301 4030 serie
319 3981 484 4033 enumerari.
521 3979 618 4045 unque
642 3983 668 4032 in
690 3981 820 4034 atterutro
838 3982 947 4034 nomina
965 3982 1096 4048 temporis
1113 3980 1234 4033 definitio
1255 3975 1315 4044 (dard
1330 3975 1425 4031 Ἱππο-

232 4060 359 4132 δάμαντος
376 4063 510 4139 ἄρχοντος)
528 4065 694 4131 44314344444
712 4067 813 4118 omissa
837 4072 886 4122 est.
977 4072 1005 4117 44
1029 4070 1060 4120 Ε.
1071 4069 1156 4120 ..ΡΑ.
1169 4071 1202 4120 ,ε
1225 4065 1331 4131 Tagtor.
1370 4065 1422 4118 Ε..

233 4151 527 4204 ΙΙΡΑ..ε1·’44444444,
564 4151 830 4218 supplevitTaytor.
867 4153 954 4207 Ctn.
975 4158 1016 4216 44,
1038 4158 1080 4206 ts.
1152 4153 1234 4203 4411.
1257 4154 1423 4202 44-4444-

233 4235 306 4286 ditus
324 4238 470 4289 triennii
495 4238 536 4289 01.
557 4239 750 4302 tutti-tom
774 4240 929 4303 continent,
955 4239 983 4302 14,
1005 4243 1100 4290 4-44
1127 4239 1250 4290 residuas
1273 4247 1370 4289 usuras
1394 4239 1425 4288 et

233 4321 373 4386 vectigalia
391 4323 618 4390 quadriennii
636 4323 677 4376 01.
693 4327 896 4389 4444,4-444,4.
922 4324 1117 4377 Desiderantnr
1129 4324 1232 4376 reditus
1250 4322 1339 4388 quarti
1357 4323 1424 4373 anni

232 4407 272 4460 01.
303 4411 391 4470 tots.
428 4409 497 4461 Nam
528 4421 578 4460 cur
606 4409 660 4462 hoc
689 4423 760 4462 anno
790 4423 879 4476 neque
908 4423 1005 4463 4444444
1035 4423 1124 4476 ueqrre
1154 4408 1294 4474 vectigalia
1325 4421 1425 4460 nume·
