3110 5056
267 295 329 355 266
772 298 835 348 Pers
852 299 935 361 prior.
1389 303 1444 368 [ττι

1295 391 1445 400 ——n——

268 502 373 563 veriee
401 501 550 562 lectiones
578 511 712 563 exstent.
766 501 886 564 Deinde
914 503 987 566 edd.
1020 503 1177 567 Chendler
1205 509 1311 568 hlerm.
1345 508 1445 570 Oxou.

268 604 384 676 litt.
432 603 555 664 Boeckh
578 604 612 666 G.
640 605 663 665 l.
689 603 724 666 G.
751 603 847 665 3⁴37.

345 765 467 844 Ἔδοξεν
496 775 552 838 τῶι
579 770 715 858 δήμωιί,
749 777 921 859 στρατηγῶν
950 769 1080 860 γνιόίμβη·
1115 774 1218 862 ἐπειδὴ
1247 774 1390 864 πρότερόν
1418 804 1449 843 τε

352 871 425 942 καθ’
452 867 485 940 δν
508 871 611 960 καιρόν
635 871 650 938 ό
674 871 815 960 βασιλεὺς
841 875 1006 949 Σέλευκοςῖ
1036 875 1228 964 δπερίέβαλεν
1251 881 1294 952 εἰς
1316 877 1369 966 τήν
1393 880 1449 946 Σε-

353 979 506 1060 λευκίδαθ,
531 979 650 1042 πολλῶν
671 975 736 1060 [uici
759 973 898 1063 μεγάλων
921 975 1064 1045 κινδύνων
1078 979 1276 1068 περιστάντων
1291 979 1351 1068 cipp
1364 978 1448 1048 πόλιν

352 1081 439 1168 ἡμῶν
467 1079 519 1144 καί
548 1077 600 1165 τὴν
618 1080 622 1163 ί
638 1074 761 1167 χιόραν,
797 1075 972 1167 διεφύλαξεν
998 1079 1014 1148 ό
1037 1086 1131 1169 δῆμος
1164 1081 1224 1170 τηρ
1254 1081 1328 1171 πρὸς
1361 1082 1448 1150 αὐτὸν

354 1177 472 1250 εὔνοιάν
495 1207 527 1246 τε
548 1180 599 1247 καί
622 1182 740 1268 φιλίαν,
770 1177 805 1247 ou
831 1184 1032 1272 καταπλαγείς
1060 1183 1190 1272 τὴντῶν
1213 1188 1355 1252 ἐναντίων
1377 1187 1450 1274 ἔφο-

355 1291 405 1352 δον
430 1285 434 1372 l
459 1279 529 1350 οὐδὲ
570 1285 728 1371 φροντίσας
761 1289 813 1371 τῆς
835 1291 893 1352 τῶν
925 1283 1117 1374 ὑπαρχόντων
1152 1284 1335 1372 άίπλωλείας,
1372 1285 1451 1354 ἀλλὰ

326 1385 450 1456 απάντα
484 1383 609 1473 δεύτερα
641 1383 830 1472 ἡγησάμενος
862 1388 941 1455 εἶναι
972 1387 1046 1478 πρὸς
1078 1386 1110 1456 τό
1145 1391 1305 1477 διαμεββιαι
1337 1393 1368 1456 ἐν
1401 1399 1451 1477 rip

355 1492 469 1578 αἱρέσει
490 1489 540 1554 καί
563 1487 777 1576 ἀντιλαβέσθαι
797 1496 860 1576 τῶμ
880 1489 1076 1579 τηρίαγμάτων
1099 1490 1175 1560 κατὰ
1196 1490 1249 1578 την
1272 1495 1383 1560 ἑαυτοῦ
1398 1491 1450 1560 δό-

353 1618 440 1678 ναμιν
455 1587 562 1658 καδότι
583 1594 613 1665 ἐξ
629 1588 724 1678 ἀρχῆς
746 1587 915 1679 όπέσστηί·
940 1592 985 1661 διὸ
1002 1595 1006 1680 ί
1025 1593 1076 1661 καί
1096 1593 1112 1660 ό
1136 1592 1274 1682 βασιλεὺς
1290 1596 1448 1673 Σέλευκος,

354 1693 484 1782 εὐσεβῶς
512 1691 550 1758 τὰ
576 1691 650 1780 πρὸς
682 1691 750 1768 τοὺς
778 1692 867 1770 θεοὺς
896 1699 1081 1783 διακείμενος
1103 1698 1155 1763 καί
1183 1695 1387 1786 φιλοστόργως
1416 1697 1453 1764 τὰ

353 1798 427 1886 πρὸς
459 1795 528 1870 τοὺς
562 1797 677 1882 γονεῖς,
708 1795 924 1886 μεγαίλόψυχος
953 1793 994 1864 ὢν
1017 1799 1068 1866 καί
1096 1796 1288 1886 ἐπιστάμενος
1325 1798 1452 1888 χάριτας

355 1897 531 1968 ἀποδιδόναι
550 1901 611 1972 τοῖς
633 1897 737 1964 ἑαυτὸν
760 1896 977 1987 εὐεργετοῦσιν,
1010 1904 1148 1989 ἐτίμησεν
1176 1899 1238 1990 τίγμ
1257 1899 1343 1969 πόλιν
1365 1899 1452 1990 ἡμῶν

354 2001 422 2090 διάί
438 2028 471 2068 τε
492 1999 544 2089 την
567 2006 619 2068 τοῶ
641 1997 739 2088 δήμου
761 1995 878 2070 εόνυιαν
900 2004 952 2070 καί
974 2007 1144 2092 φιλοτιμίαν
1166 1999 1202 2092 ἣν
1225 2007 1386 2092 ἐπεποίητο
1408 2009 1452 2080 εἰς

355 2105 392 2172 τὰ
413 2101 574 2193 πράγματα
597 2102 688 2171 αίιτοῖι
710 2105 761 2170 καί
780 2101 831 2172 διὰ
851 2104 884 2172 τὸ
906 2103 963 2193 τόμ
984 2109 1108 2196 πατέίρα
1130 2104 1221 2175 αότοῶ
1252 2107 1321 2175 θεὸν
1342 2105 1453 2174 Ἀντίο-

356 2215 431 2296 χονί
466 2207 517 2274 καί
552 2207 612 2294 τηρ
650 2209 764 2294 μητέρα
799 2207 851 2294 την
888 2215 940 2276 τοῶ
976 2209 1086 2298 πατρὸς
1122 2207 1195 2276 θεὰν
1232 2211 1453 2298 Στρατονίκηνὅ

316 2313 499 2400 Ιυίδρῶσδαι
532 2307 605 2398 παρ’
644 2309 714 2396 ἡμῖν
751 2311 943 2398 τιμωμέβνους
973 2316 1071 2400 τιμαῖς
1106 2309 1271 2399 ἀξιολόγοις
1305 2313 1356 2379 καί
1385 2339 1453 2380 κοι-

356 2421 406 2501 νῆι
434 2411 488 2481 ὑπὸ
511 2421 564 2480 τοῖν
585 2411 720 2499 πλήθους
742 2413 793 2478 καί
817 2415 891 2480 ίδίαι
913 2412 964 2503 ‘up’
999 2413 1123 2482 ἑκάστου
1153 2420 1216 2502 τῶμ
1243 2419 1369 2482 πολιτῶν
1399 2416 1453 2481 καί

357 2517 539 2605 ἐβεβαίωσεν
576 2521 630 2581 τῶι
665 2513 765 2601 δήμωι
800 2515 852 2603 τὴν
897 2513 1084 2604 αόίτονομίαν
1128 2519 1179 2584 καί
1224 2521 1451 2606 δημοκρατίαν,

356 2622 484 2708 ἔγραψεν
522 2618 555 2684 δὲ
588 2619 639 2682 καί
675 2616 748 2706 πρὸς
777 2616 845 2692 τούς
873 2622 1004 2706 βασιλεῖς
1033 2620 1084 2686 καί
1117 2619 1185 2694 τοίις
1220 2618 1365 2695 δυνάστας
1399 2620 1453 2686 καί

355 2721 407 2796 τὰς
428 2717 529 2794 πόλεις
550 2719 602 2785 καί
624 2715 660 2786 τὰ
689 2721 762 2807 ἔθνη
787 2719 924 2806 οἰΕιίυίσας
947 2719 1151 2796 ἀποδέξασθαι
1179 2719 1212 2788 τό
1242 2749 1273 2788 τε
1297 2720 1374 2811 ίερὸν
1397 2729 1453 2810 τῆς

356 2825 581 2911 Στρατονικίδος
605 2819 799 2910 Ἀφροδίτης7
837 2817 946 2890 όίσυλον
982 2823 1059 2892 εἶναι
1091 2825 1142 2891 καί
1166 2822 1226 2912 τίγμ
1250 2821 1335 2892 πόλιν
1365 2822 1452 2910 ἡμῶν

339 3051 454 3101 Litterae
472 3049 593 3113 volgares
612 3051 718 3112 prester
736 3050 815 3100 ΘΞΣ.
905 3055 914 3098 t
937 3053 1156 3114 smyrnoeorum.
1246 3051 1408 3101 tseleucus
1429 3051 1451 3100 il

270 3135 416 3187 Callinicus
450 3136 610 3196 (ste—226
641 3147 665 3186 e.
691 3135 777 3196 Chri.
819 3137 843 3184 ls
875 3137 950 3186 initio
977 3139 1052 3200 regni
1079 3136 1181 3186 bellum
1207 3149 1270 3186 cum
1296 3135 1452 3186 Ptolemaeo

270 3223 403 3285 Euergete
421 3220 514 3284 gessit,
541 3219 567 3268 in
591 3232 646 3283 quo
670 3233 753 3282 quum
772 3220 905 3284 plurimae
923 3223 1047 3272 civitates
1064 3221 1099 3272 eh
1116 3235 1149 3272 eo
1168 3219 1337 3280 defecissent,
1360 3222 1455 3284 Smyr·

271 3307 331 3357 neei
355 3307 382 3356 in
406 3306 460 3356 tide
478 3308 645 3356 meuseruot.
688 3305 756 3356 Num
781 3306 814 3355 ed
838 3305 908 3356 hunc
926 3308 1043 3371 priorem
1063 3307 1261 3372 expeditionem
1285 3307 1343 3357 siue
1366 3305 1453 3357 dubio

271 3391 411 3442 referende
430 3395 494 3441 suut
510 3390 592 3442 verbe
610 3388 730 3460 spesspes
753 3405 832 3440 τε-
850 3388 876 3452 ἐξ
894 3389 976 3462 ἀργῆς
995 3389 1089 3460 ὑπέστη
1115 3395 1149 3453 (ν.
1172 3397 1258 3453 t—ttl.
1295 3391 1367 3450 Quos
1386 3403 1454 3442 cum

271 3479 374 3542 mugnis
397 3477 523 3528 leudibus
546 3477 726 3543 praemiisque
751 3475 885 3526 effecisset
908 3490 955 3527 rex
974 3475 1081 3540 (διὸκαὶ
1099 3475 1112 3528 ὁ
1132 3474 1300 3544 βασιλεὺς-
1320 3473 1389 3545 ἱερὸν
1407 3475 1454 3527 καὶ

269 3562 363 3616 ἄσυλον
390 3579 415 3614 v.
436 3563 539 3626 t-ti)‚
568 3563 666 3612 iterum
692 3561 794 3612 bellum
821 3563 920 3612 exarsit
941 3561 1124 3627 Seleucusque
1145 3566 1220 3613 treus
1238 3562 1359 3613 'laurum
1385 3575 1454 3627 pro-

269 3651 354 3702 iectus
378 3653 419 3700 est
445 3647 496 3711 (νῦν
513 3663 540 3698 τε
558 3643 777 3718 ὑπερβεβληκότα
800 3660 826 3698 v.
848 3647 902 3710 ts).
940 3647 978 3698 Gi.
1005 3649 1098 3699 lustin.
1123 3648 1236 3706 xxvll,
1263 3651 1290 3706 t,
1316 3650 1341 3695 t.
1384 3647 1452 3697 lude

270 3735 401 3787 seldenus
425 3733 627 3797 Bocckhiusque
658 3733 839 3796 collegerunt,
871 3731 927 3782 lere
950 3746 1021 3783 enno
1050 3735 1098 3782 itt
1118 3748 1142 3783 e.
1162 3733 1225 3783 Chr.
1251 3732 1318 3782 heec
1342 3731 1453 3782 decretu

270 3834 338 3872 esse.
428 3821 499 3868 tile
518 3819 658 3869 Seleucide
676 3818 710 3868 ci.
733 3817 804 3868 4564.
905 3819 1089 3868 ιΥῦΕΣΣΤΗ
1108 3819 1201 3879 lleitt„
1222 3817 1402 3880 geminatione
1424 3818 1453 3866 in

270 3906 355 3957 titulis
373 3907 494 3954 omnium
512 3906 651 3968 regionum
669 3907 696 3954 et
713 3908 829 3954 uetulum
849 3901 1074 3966 frequentissime.
1147 3907 1161 3952 5
1180 3901 1327 3952 Antiochus
1340 3903 1364 3951 ll
1377 3901 1454 3952 Deus

272 3993 419 4052 (tet-titt
430 4004 454 4040 e.
470 3991 554 4053 Chul.
619 3993 633 4038 6
652 3989 798 4040 Stratonice
811 3989 938 4039 Demetrii
951 3988 1113 4038 Poliorcetee
1130 3987 1193 4049 illie,
1213 4001 1281 4037 uror
1299 3989 1388 4052 primo
1401 3989 1454 4038 Se-

270 4079 339 4128 leuci
356 4079 367 4127 l
386 4077 529 4136 Nicatoris,
548 4075 646 4125 deinde
664 4077 722 4126 eius
740 4074 789 4124 tilii
807 4073 930 4123 Antiochi
949 4074 959 4122 l
977 4075 1085 4134 Soteris,
1108 4086 1141 4122 ex
1160 4085 1214 4138 quo
1232 4075 1337 4138 peperit
1355 4073 1455 4123 hutin-

270 4163 352 4213 chum
370 4163 392 4212 ll
410 4163 505 4222 Deum,
526 4161 629 4210 Seleuci
648 4161 768 4210 Celliuici
786 4163 899 4224 petrem.
979 4164 992 4207 7
1012 4158 1050 4210 Ci.
1070 4162 1098 4210 C.
1120 4160 1139 4208 l.
1161 4161 1192 4210 G.
1213 4162 1292 4208 3⁴56:
1312 4155 1348 4222 [rh
1366 4155 1455 4223 τέλμα-

269 4265 311 4305 νος
328 4247 409 4312 [ἐστὶν]
426 4247 491 4316 ἱερὸν
506 4241 661 4316 Ἀφροδίτης
680 4241 870 4315 Στρατονικίδος
887 4240 969 4307 [helei.
995 4246 1055 4296 Tec.
1067 4247 1135 4294 Anu.
1150 4245 1193 4306 lll,
1215 4247 1258 4294 θυι
1280 4257 1342 4292 nam
1355 4243 1455 4305 Smyr-

270 4347 346 4383 ooeos
364 4335 498 4383 oracutum
512 4332 644 4394 Apollinis,
664 4333 736 4381 cutus
754 4331 861 4392 imperto
875 4329 1039 4381 Stratonicidi
1054 4331 1145 4381 Veneri
1156 4331 1278 4392 templum
1296 4329 1453 4386 dicaverint,

274 4445 304 4454 -
320 4417 428 4480 reterre.
464 4417 515 4476 Qui
534 4417 610 4468 locus
628 4417 707 4467 simul
726 4417 767 4466 ius
785 4415 853 4480 asyli
872 4417 993 4466 testetur.
1031 4415 1147 4466 Bocchh.
