3110 5056
140 329 182 390 74)
266 327 297 376 ii.
330 327 421 378 Aiine
438 325 503 378 beiii
521 325 739 392 Peloponnesiaci
758 328 792 378 ed
810 327 953 377 Alexandri
971 327 1056 390 ungor
1076 334 1200 378 mortem.
1266 329 1323 390 141

228 529 262 594 δὲ
281 525 474 616 'liedulspoirq
498 529 555 614 (αὶ
577 527 634 612 τὸς)
657 527 744 616 pisis&
763 527 966 617 Ἀατονραίτ)ος
988 529 1036 595 ἐπί
1059 533 1139 602 ξένια
1159 533 1189 605 ἐς
1204 529 1237 596 τὸ
1251 556 1327 619 προ-

226 635 331 700 τανὲον
354 635 385 706 ἐς
408 625 522 720 αὔριον.

229 943 274 1012 79
296 947 416 1010 Tabula
438 948 601 1010 marmoris
624 948 775 1011 Pentelici
802 950 929 1010 invente
952 935 1085 1010 Athenis
1111 949 1151 1010 ed
1174 951 1255 1011 arcis
1278 969 1329 1012 re-

140 1051 229 1116 dices
259 1050 491 1114 meridionuies.
540 1049 621 1114 Edd.
654 1051 849 1116 Kumanudis
873 1045 1032 1135 Ἀθηναίου
1060 1053 1084 1114 V
1111 1073 1143 1132 p.
1169 1053 1230 1113 4446
1254 1071 1326 1136 sqq.

140 1155 277 1218 KoehIer
299 1155 539 1236 liittbeiiuugen
562 1153 619 1216 des
642 1155 913 1235 ercbtioiogiscbcn
944 1156 1088 1216 instituis
1118 1157 1149 1216 in
1176 1155 1279 1218 Athen
1303 1158 1328 1218 ii
1393 1207 1400 1220 .

145 1256 251 1340 (4877)
278 1277 310 1340 p.
339 1259 399 1322 itt
422 1277 493 1340 sqq.

230 1445 310 1510 Θεοί.
333 1442 427 1533 (Ἐπί
449 1443 634 1533 Χαρινλαίδο
656 1437 825 1534 ἄρχοντος),
852 1445 973 1528 Αίαντίς
995 1441 1200 1533 seposuisses,
1228 1443 1331 1534 ΝικόΙ-

228 1573 353 1636 στρατος
369 1547 544 1635 Παλληνεὺς
567 1546 775 1638 ἐγραμμάτευε
784 1553 807 1631 ²,
834 1551 984 1624 Φιλίπιος
1004 1545 1161 1636 Βουτάδης
1180 1549 1185 1636 Ι
1205 1547 1330 1616 ἐπεστά-

205 1671 290 1720 4τ4ι·
326 1651 425 1724 ἔδοξεν
457 1657 508 1740 τῆν
543 1656 632 1741 βολῆι
663 1651 715 1719 καί
747 1658 803 1719 τῶι
832 1649 948 1739 δήμιοι·
987 1649 1213 1742 Ἀριστοφῶνί(
1227 1651 1326 1720 εἶπεν·

232 1752 336 1844 ἐπειδὴ
355 1751 531 1842 Ἰουλιῆται,
555 1749 606 1830 οὓς
621 1753 789 1845 κατήγαγον
803 1753 988 1844 'tiberialem
1016 1753 1221 1844 οἰπο)φαίνοαιν
1243 1755 1329 1845 ὀφεί-

213 1983 327 2036 Littarae
346 1983 469 2048 volgares
486 1984 591 2034 ionicae
609 1982 756 2050 dispositae
774 1981 909 2056 στοιχηδὸν
927 1986 1034 2050 praeter
1051 1997 1078 2036 ν.
1099 1988 1122 2034 4.
1148 1984 1269 2050 Spatium
1288 1985 1331 2036 in·
1358 2031 1366 2046 ,

141 2072 277 2136 scriptum
296 2070 358 2122 inde
377 2085 393 2122 e
411 2083 438 2122 ν.
460 2073 490 2120 tt
509 2070 646 2136 utrimque
666 2069 779 2135 singulis
797 2070 892 2120 litteris
910 2070 990 2120 iatius
1008 2073 1056 2132 est,
1078 2073 1108 2120 ut
1120 2083 1144 2122 ν.
1160 2074 1243 2122 4-44
1262 2084 1330 2136 que-

142 2157 324 2220 draganarum
344 2159 498 2218 ternarum,
518 2169 544 2206 ν.
565 2159 666 2206 44-44
684 2157 917 2222 quadragenarum
936 2157 1080 2221 quinarum
1099 2156 1247 2208 litterarum
1265 2159 1328 2210 sint.

145 2247 156 2292 4
179 2243 219 2296 oi.
242 2245 318 2303 444,4
338 2239 467 2310 (theiis.
487 2241 574 2304 Chri.
629 2241 701 2296 4414.
723 2239 777 2293 tet.
832 2243 1023 2303 threniensis,
1043 2241 1077 2292 de
1090 2241 1188 2306 quoci.
1204 2243 1331 2294 Schseier

144 2329 222 2379 Dem.
243 2329 253 2378 l
272 2341 300 2393 p.
315 2331 363 2379 444
383 2341 425 2394 sq.
451 2329 476 2379 is
488 2327 672 2394 posteitersm
692 2327 733 2392 (44.
749 2331 804 2379 444.
820 2329 844 2392 4)
873 2327 1028 2379 iulietarum
1047 2327 1223 2378 rebellionem
1242 2329 1268 2378 in
1288 2332 1331 2379 in-

144 2415 233 2466 sulem
253 2417 362 2478 praetor
381 2415 480 2466 missus
497 2427 558 2466 esse
582 2415 698 2468 videtur.
736 2413 825 2464 schol.
850 2413 946 2466 Aesch.
974 2415 993 2476 i,
1021 2417 1066 2464 oi:
1092 2403 1279 2484 κεκωμῴδηται
1296 2443 1331 2452 -

143 2501 189 2553 set
208 2501 244 2558 rb<
262 2497 437 2571 στρατηγήσας
451 2497 477 2552 is
490 2494 553 2570 Κέῳ
564 2498 608 2552 soi
620 2496 662 2552 tet
673 2496 880 2573 φιλοχρηματίαν
893 2496 978 2554 πολλὰ
989 2496 1058 2554 seed
1070 2497 1239 2572 ipqocdpssoc
1255 2501 1331 2565 (haec

145 2587 180 2638 ad
200 2588 291 2652 ipsum
308 2585 490 2654 plebiscitum,
510 2601 565 2652 quo
583 2587 727 2638 adiuvante
746 2585 861 2639 lectione
874 2587 958 2638 Attica
977 2587 1142 2650 iulietarum,
1161 2585 1332 2640 adversarios

146 2685 244 2737 magna
258 2673 372 2738 pecume
385 2673 515 2736 multavit,
536 2671 686 2736 toleranda)
706 2671 765 2731 τοὺς
783 2671 950 2736 incensores,
972 2669 1018 2744 tq’
1038 2661 1174 2742 ᾧηραφεὶι
1192 2667 1242 2725 ὑπὸ
1258 2664 1332 2726 Ὑπε-

146 2755 231 2828 φιίδοο
249 2756 404 2828 παρανόμων
428 2756 498 2811 itio
524 2759 566 2822 (At
584 2759 640 2825 ipse
660 2759 810 2825 Hyperides
828 2773 877 2824 pro
895 2757 961 2810 Eur.
984 2761 1030 2820 44,
1054 2763 1086 2808 44
1113 2759 1178 2810 dicii
1199 2756 1269 2827 παρὰ
1286 2757 1331 2812 444

144 2842 251 2915 ψήφους
267 2841 399 2915 ἀαᾶφνηο).
427 2844 550 2899 licenter.
642 2847 788 2896 iOmnem
812 2859 870 2896 rem
889 2849 942 2896 4444
961 2847 1040 2896 ecute
1058 2858 1139 2910 quem
1158 2844 1333 2911 probabiliter

145 2931 276 2998 explicuit
293 2930 408 2983 iicebier
424 2931 498 2982 hunc
515 2931 543 2982 iu
561 2931 687 2983 modum:
713 2933 789 2982 Anno
817 2933 865 2981 444
890 2934 936 2982 aut
961 2933 1009 2980 444
1034 2943 1098 2982 cum
1115 2931 1210 2982 classis
1226 2931 1333 2984 ’4444444-

144 3031 244 3072 norum
263 3017 450 3084 Epaminonda
467 3017 537 3069 duce
560 3018 586 3068 in
605 3020 674 3070 mari
692 3017 797 3084 Aegaeo
814 3021 983 3077 versarctur,
1007 3017 1212 3070 Atheniensium
1235 3019 1333 3072 adver-

144 3106 210 3156 sarii
229 3106 257 3156 in
276 3104 363 3156 insula
381 3103 435 3154 Ceo
453 3117 571 3169 proxeno
588 3105 676 3156 Attico
697 3105 744 3171 qui
762 3103 848 3155 iulide
872 3106 931 3156 eret
949 3103 1101 3164 interiecto,
1127 3104 1331 3157 Atheniensium

145 3191 299 3262 iunioribus
316 3191 410 3242 eiectis
428 3189 581 3252 edocerent,
602 3192 632 3242 ut
648 3191 773 3242 civitates
791 3189 982 3241 Thebanorum
1007 3191 1129 3241 societati
1150 3203 1179 3241 se
1203 3189 1333 3256 adiunge-

144 3281 208 3328 rent
225 3280 252 3328 et
269 3275 478 3328 Atheniensibus
497 3275 597 3330 beilum
622 3276 751 3328 inierrent
777 3278 812 3336 (ν.
834 3280 865 3326 44
884 3275 963 3340 sqq).
1000 3275 1033 3326 At
1056 3287 1119 3326 cum
1142 3275 1332 3328 Thebanorum

144 3364 241 3415 classis
260 3363 371 3414 domum
390 3363 524 3425 rediisset,
544 3361 674 3414 Chabrias
692 3376 755 3414 cum
773 3361 888 3413 navibus
905 3364 1005 3412 missus
1024 3373 1070 3412 aas
1088 3361 1115 3411 ln
1134 3361 1269 3414 dicionem
1287 3377 1332 3414 rc-

145 3449 228 3514 44344.
267 3449 335 3500 Τιιιιι
353 3463 448 3500 rursus
465 3449 606 3500 Thebanae
625 3448 750 3500 iectionis
768 3449 904 3515 principes
923 3447 1014 3511 eiecti,
1035 3448 1182 3514 Antipater,
1205 3451 1249 3514 qui
1268 3463 1333 3516 pro·

145 3549 246 3588 renum
265 3533 443 3598 interiecerat,
463 3549 479 3586 a
497 3533 602 3586 civibus
621 3533 757 3586 nonnuliis
775 3534 887 3586 Athenis
905 3533 977 3600 apud
995 3535 1120 3584 senatum
1137 3537 1280 3586 accusatus
1306 3539 1334 3586 et

144 3621 243 3688 cepitis
261 3621 405 3673 damnatus
423 3623 477 3684 est,
498 3619 591 3673 exules
610 3623 734 3674 restituti.
771 3621 893 3686 Denique
917 3631 1018 3671 novum
1041 3618 1151 3682 foedus,
1177 3619 1333 3672 dunonbus

144 3721 229 3773 qnam
246 3709 326 3758 antea
343 3707 558 3772 condicionibus,
578 3705 677 3758 iactum
696 3709 723 3758 et
740 3705 914 3759 iureiurando
933 3703 1119 3758 confirmatum
1138 3709 1188 3758 est.
1216 3705 1281 3757 inde
1298 3705 1333 3757 eb

145 3807 180 3846 eo
199 3798 321 3861 tempore
339 3793 533 3845 Carthaeenses
551 3791 661 3858 quidem
679 3795 706 3844 in
725 3791 779 3844 flde
798 3794 930 3844 mansisse
947 3791 1076 3844 videntur
1097 3790 1139 3856 (44.
1159 3803 1185 3842 ν.
1201 3791 1254 3854 44),
1281 3791 1333 3843 Co-

146 3883 216 3932 44444
235 3883 263 3932 44
280 3879 410 3932 i’oaessae
429 3879 495 3945 quid
513 3878 614 3931 iactum
633 3881 667 3931 sii
685 3881 848 3952 ignoremus.
886 3879 920 3930 At
937 3878 1024 3929 iulide
1048 3877 1139 3928 exules
1163 3877 1210 3941 qui
1229 3889 1244 3927 4
1262 3877 1333 3929 ’Πιο-

145 3967 281 4019 banorum
299 3964 421 4033 partibus
440 3964 547 4018 stabant
563 3969 625 4032 posi
636 3965 768 4017 Chabriae
780 3966 932 4017 discessum
952 3965 1040 4017 redire
1059 3963 1117 4015 ausi
1135 3965 1207 4023 sunt,
1228 3963 1333 4015 tabulas

146 4053 265 4106 ioederis
283 4053 448 4115 everterunt,
469 4051 673 4104 Atheniensium
691 4053 794 4104 emiccs
810 4053 908 4118 purtim
926 4053 1100 4114 necaverunt,
1121 4049 1218 4114 partim
1235 4047 1335 4100 ebsen-

147 4145 189 4192 tes
207 4139 303 4206 cepitis
321 4139 518 4190 damnaverunt
535 4138 661 4205 beneque
679 4151 774 4190 eorum
786 4135 1002 4204 publicavemnt.
1028 4136 1079 4187 Sed
1092 4149 1155 4186 cum
1168 4147 1230 4202 spes
1242 4135 1334 4188 auxilii

147 4225 270 4277 Thebani
290 4225 324 4277 ad
343 4225 449 4277 irritum
468 4224 577 4276 cederet
593 4223 664 4276 iaciii
683 4225 790 4290 negotio
808 4225 875 4276 haec
893 4223 976 4275 altere
995 4221 1107 4273 rebellio
1119 4233 1275 4288 compresse
1293 4225 1335 4274 est

147 4315 233 4364 misso
251 4311 442 4378 Aristophanis
461 4311 526 4375 (not.
542 4311 575 4377 4).
601 4311 658 4372 Quo
671 4309 739 4362 iacto
757 4311 843 4362 iulide
855 4310 973 4361 Albense
991 4309 1074 4361 misse
1092 4308 1189 4373 legatio
1208 4311 1335 4375 quattuor

148 4400 280 4460 virorum,
301 4397 457 4463 intorques
475 4397 531 4449 duo
548 4411 582 4450 ex
600 4399 719 4464 quinqua
736 4397 908 4463 praetoribus
926 4397 1011 4447 erent.
1044 4395 1109 4457 Cum
1129 4393 1282 4448 hisacium
1300 4395 1334 4447 de

148 4485 189 4537 eis
208 4485 290 4538 rebus
302 4497 372 4550 quae
392 4483 491 4536 deinde
508 4483 542 4535 sb
559 4483 749 4550 Aristophonte
768 4485 803 4536 ad
820 4481 953 4551 populum
971 4481 1129 4534 tutassent:
1152 4482 1174 4544 4)
1188 4482 1234 4534 Vs.
1249 4485 1333 4532 4-44
