3082 5054
259 381 321 443 300
589 316 596 328 '
769 379 833 429 Pars
850 381 934 445 prior.
1389 378 1445 441 [488

287 601 334 650 485
431 575 614 670 άρχοντος
630 583 801 657 Ξένωνος
820 581 1104 665 τοῦἈτειολδα,
1127 575 1423 668 βουλευόνβτονν48848

343 684 396 752 τάν
407 682 525 772 πρώταν
537 681 684 773 ἑξάμηνον
693 682 874 774 Ἀγάθωνος,
889 684 1112 774 Ξενολστράτου,
1131 681 1332 770 Κλεοδάμου·

337 785 455 876 Ἅβρων
478 787 615 856 Καλλίου
628 785 786 875 Ἀθηναῖος
798 791 833 854 ¹¹.
856 789 860 875 Ι
882 781 1068 878 ἄρχοντος
1083 787 1255 861 Ξένυνος
1276 793 1340 854 τοῦ

341 890 543 974 Ἀτειοίδα,
576 887 788 980 βουλευόνλτων
817 889 870 958 τάν
900 893 1041 978 δευτέραν
1070 887 1217 978 ἑξάμηνον
1241 889 1341 958 Κλεο-

282 1002 283 1006 ’
345 995 454 1080 δάμου,
491 995 647 1082 ΞένιοΙνος,
684 990 890 1082 Δεξικράτεος·
931 991 1071 1081 liparim<
1105 995 1235 1067 Φοξίνου
1264 995 1344 1060 Σκο-

288 1101 558 1172 4484ουσοαῖος.12
582 1099 591 1184 β
617 1091 803 1186 άρχοντος
836 1097 1009 1170 Ξένυνος
1042 1101 1107 1163 τοῦ
1134 1091 1338 1181 litaretis,

347 1198 548 1288 βουλευόντων
571 1199 624 1268 τάν
641 1201 644 1286 l
663 1202 805 1286 δευτέραν
835 1195 982 1286 ἑξάμηνον
1004 1195 1205 1284 Κλεοδάμου,
1238 1199 1343 1266 Ξένον·

345 1329 405 1386 νος,
425 1301 632 1392 Δεξικράτεος·
652 1304 754 1388 λΤλτος
769 1301 928 1388 Κοΐγντιος
943 1301 1032 1368 Τίτου
1052 1297 1279 1388 υἱὸςῬωμαῖος
1290 1302 1338 1390 441

346 1400 537 1494 ἄρχοντος
560 1409 730 1480 Ξένωνος
751 1402 1034 1488 τοῦἌτειοίδα,
1063 1403 1264 1493 βουλευόντων
1286 1403 1341 1471 τάν
1519 1439 1520 1496 ρ

287 1509 497 1597 145δευ4τέραν
520 1506 666 1598 ἑξάμηνον
693 1505 887 1596 Κλεοδάμου,
919 1507 1065 1590 Ξένωνος,
1101 1506 1310 1598 Δεξικράτεος·
1332 1508 1344 1596 β
1519 1497 1520 1574 l

346 1609 473 1686 Λεόντιος
491 1609 618 1687 Ἀκίλιος
641 1611 799 1686 Καίσωνος
829 1609 891 1686 υἱὸς
906 1607 1104 1698 Ῥωμαῖος.14
1124 1611 1129 1699 Ι
1149 1605 1341 1700 άρχοντος

345 1716 514 1790 Ξένωνος
542 1719 608 1781 τοῦ
632 1713 847 1793 Ἂτειοίδα,
880 1711 1081 1801 βουλευόντων
1110 1711 1164 1780 τάν
1188 1713 1341 1802 δευλτέραν

344 1815 489 1904 ἑξάμηνον
519 1815 710 1905 Κλεοδάμου,
748 1818 896 1896 Ξένωνος,
935 1816 1143 1903 Δεξικράτεος·
1169 1813 1342 1906 ΙΜάαρκος

344 1915 644 2006 ΑἰμόλιοτΛέπεδος
667 1917 817 2009 Μαάρκου
840 1919 902 1995 υἱὸς
918 1918 1115 2006 Ῥωμαῖος.14
1133 1925 1140 2002 Ι
1159 1913 1343 2010 άρχοντος

257 2098 571 2114 ¹——

257 2213 283 2262 p.
307 2203 354 2249 458
373 2213 432 2264 sqq.
510 2203 537 2249 44
561 2198 650 2250 llahro
668 2199 767 2250 Calliae
785 2199 804 2250 l.
825 2199 947 2250 Batanaia
965 2197 1037 2248 inter
1055 2211 1155 2262 pueros
1173 2199 1264 2262 quiin
1283 2197 1452 2248 Theseorum

256 2284 452 2336 certaminibus
470 2285 594 2336 vicerunt
612 2289 771 2336 recensetur
789 2284 818 2335 C.
839 2287 857 2334 4.
878 2284 929 2334 ln.
949 2285 972 2332 ll
993 2285 1052 2334 ttt.
1072 2285 1132 2336 445.
1163 2284 1202 2334 hc
1218 2284 1253 2335 de
1272 2284 1374 2348 prioris
1392 2284 1452 2348 qui-

257 2370 320 2420 dem
340 2371 409 2422 tituli
427 2373 513 2422 aetate
533 2383 696 2436 magnopere
714 2370 880 2421 dissentiunt
899 2369 1021 2419 homines
1045 2369 1134 2430 docti,
1155 2383 1209 2433 qua
1235 2369 1261 2418 in
1281 2383 1308 2420 re
1329 2370 1360 2420 id
1379 2371 1450 2419 certe

257 2469 364 2506 summo
383 2457 440 2507 iure
458 2470 474 2506 a
493 2456 626 2507 lloehlero
649 2455 852 2521 pronuntiatum
871 2457 926 2518 est,
951 2457 1062 2520 propter
1079 2455 1205 2505 Attalidls
1227 2454 1315 2506 tribus
1335 2456 1451 2504 mentio-

257 2556 319 2592 nem
339 2556 391 2592 non
411 2541 493 2593 licere
513 2541 700 2593 altmannum
720 2545 768 2590 888
788 2557 812 2593 a.
833 2540 895 2592 Chr.
915 2540 1063 2592 ascendere
1082 2538 1129 2602 (cl.
1149 2541 1206 2590 Liv.
1226 2539 1327 2602 xxxi,
1350 2543 1394 2601 45,
1415 2541 1449 2602 5),
1519 2593 1520 2632 ρ

257 2641 289 2678 ac
307 2629 414 2678 mireris
432 2639 496 2678 saue
516 2629 546 2678 G.
569 2625 779 2678 llirschialdium
798 2626 923 2677 Berichte
945 2625 996 2677 der
1013 2627 1101 2676 stchs.
1122 2627 1185 2677 Ges.
1211 2626 1260 2677 aler
1278 2625 1448 2677 wissensch.
1519 2633 1520 2702 g

259 2713 405 2777 phil-hist.
426 2712 466 2763 cl.
488 2716 553 2762 4888
572 2727 598 2778 p.
619 2715 667 2775 84,
690 2713 737 2777 qui
757 2712 826 2764 intra
844 2725 978 2762 annornm
1002 2715 1051 2762 888
1077 2715 1105 2762 et
1123 2715 1171 2761 848
1196 2726 1220 2764 a.
1241 2709 1305 2762 Chr.
1331 2713 1450 2776 spatium
1519 2711 1520 2752 l

256 2798 375 2850 tabulam
402 2799 557 2864 inscriptam
583 2799 745 2862 pronuntiat,
776 2798 848 2850 illius
874 2799 1026 2861 gravissimi
1056 2799 1209 2862 argumenti
1234 2797 1338 2848 nullam
1369 2799 1451 2848 ratio-

257 2898 319 2935 nem
338 2883 476 2935 habuisse.
501 2882 603 2942 Quodsi
623 2884 711 2934 statim
731 2885 834 2948 posta.
855 2888 902 2933 888
921 2883 1089 2935 Theseorum
1107 2884 1224 2934 victores
1243 2883 1392 2948 inscriptos
1410 2884 1451 2932 lu-

258 2971 391 3032 dicamus,
412 2969 471 3018 fieri
490 2971 586 3034 potest,
608 2971 638 3018 ut
657 2969 728 3018 idern
748 2967 839 3020 llehro
857 2971 904 3034 qui
916 2972 981 3020 tunc
999 2982 1068 3034 puer
1086 2969 1157 3030 vicit,
1178 2969 1272 3020 decem
1291 2969 1374 3018 annis
1392 2970 1450 3032 post

256 3055 401 3119 aDelphie
419 3067 555 3120 pronenus
579 3057 687 3105 creatus
710 3055 758 3117 sit;
783 3055 938 3104 sinautem
963 3055 1067 3119 aliquot
1088 3054 1227 3105 decenniis
1251 3057 1313 3120 post
1338 3053 1449 3103 demum

256 3141 333 3191 iilum
352 3141 459 3191 titulum
472 3139 625 3191 conlectum
638 3153 789 3200 sumamus,
808 3141 997 3203 cognominem
1011 3143 1136 3206 nepotem
1150 3139 1349 3206 intellegemus,
1370 3151 1450 3204 quam

258 3227 382 3277 novimus
400 3239 434 3276 ex
453 3225 529 3278 titulo
548 3227 609 3287 445,
628 3226 674 3290 qui
693 3225 768 3274 nullo
787 3225 868 3275 modo
892 3225 926 3276 ad
951 3227 1081 3276 maiorem
1101 3225 1177 3276 illum
1197 3225 1355 3277 Habronem
1375 3237 1451 3290 spec·

258 3315 314 3362 tare
333 3313 429 3376 potest.
504 3313 583 3361 48444
596 3311 705 3362 Eusebii
723 3311 916 3362 chronicorum
935 3313 1060 3362 versione
1072 3312 1232 3363 Armeniaca
1253 3313 1272 3370 (l
1291 3325 1319 3376 p.
1335 3314 1386 3362 848
1406 3311 1447 3362 ed.

256 3397 387 3459 Schoenei
410 3398 479 3446 inter
496 3397 688 3448 Thessalorum
706 3399 840 3462 strategos
857 3399 903 3462 qui
924 3397 986 3448 inde
1004 3397 1039 3448 ab
1057 3411 1128 3447 anno
1143 3401 1190 3447 485
1203 3411 1227 3448 a.
1244 3397 1306 3448 Chr.
1329 3396 1447 3456 luerunt,

257 3497 328 3533 anno
347 3484 463 3548 septimo
483 3485 542 3546 (488
561 3497 586 3534 a.
607 3483 680 3547 Chr.)
701 3483 859 3534 recenset-ur
885 3483 1016 3533 ‘Provtlm
1035 3484 1143 3533 Phocoe
1164 3484 1251 3548 ptius)
1273 3481 1447 3534 Kmmcem'.
1519 3507 1520 3578 ρ

256 3572 317 3636 lpso
336 3569 417 3632 igitur
435 3572 577 3632 praeturae
595 3581 666 3618 anno
684 3569 827 3634 proxeniac
846 3569 948 3620 honore
961 3583 976 3620 a
989 3568 1098 3634 Delphis
1111 3569 1226 3620 allectus
1244 3570 1294 3620 est.
1321 3567 1351 3619 n.
1366 3568 1446 3632 weit,
1519 3581 1520 3630 4

257 3654 409 3706 zeacum
428 3653 472 3704 nn
490 3653 673 3705 uumrsmaul
692 3657 702 3704 1
721 3669 748 3719 p.
771 3657 829 3704 444.
936 3657 967 3703 44
992 3655 1022 3707 r.
1041 3655 1182 3714 Quinctius
1201 3655 1369 3705 flamininus
1392 3667 1446 3706 ons.
1519 3637 1520 3722 l

258 3745 306 3791 488
326 3755 350 3791 a.
371 3740 434 3792 Chr.
472 3742 529 3802 Quo
548 3742 670 3806 tempore
688 3739 819 3805 proxenia
842 3741 867 3791 ei
886 3738 1100 3800 decernebatur,
1128 3753 1182 3791 non
1207 3741 1261 3790 iam
1286 3739 1313 3790 in
1334 3742 1447 3791 Graecia
1519 3749 1520 3752 ¹

255 3830 327 3888 erat,
346 3827 394 3878 sed
413 3826 512 3876 liomae
529 3838 644 3876 censura
664 3825 840 3890 fungebatur,
861 3829 892 3876 ut
909 3820 1057 3877 mennith.
1072 3827 1223 3878 Mommsen
1242 3825 1339 3878 Philol.
1358 3825 1445 3878 xxiv

256 3927 283 3979 p.
305 3917 348 3977 88,
368 3913 415 3977 qui
434 3915 524 3962 lamen
543 3912 641 3962 iniuria
660 3913 786 3976 sumpsit,
806 3925 868 3962 eum
893 3911 1027 3962 laniante
1051 3913 1141 3978 aliquo
1165 3927 1197 3964 ex
1220 3915 1261 3964 eis
1282 3914 1378 3976 annis,
1404 3913 1449 3976 qui

255 3999 337 4048 huius
356 3995 471 4061 catalogi
492 3997 598 4048 initium
617 3997 740 4064 proxime
759 3997 941 4062 praecedunt,
962 4011 1113 4063 proxenum
1132 3998 1233 4050 lactum
1252 4012 1321 4050 essa.
1354 3998 1447 4062 Meque

255 4085 328 4134 enirn
347 4085 392 4134 hic
411 4083 498 4134 honos
516 4083 605 4133 iterari
625 4083 714 4149 potuit
734 4081 778 4148 (cl.
799 4087 855 4134 not.
876 4085 926 4148 84).
1028 4086 1058 4134 44
1078 4085 1155 4136 Pater
1173 4084 1211 4136 M’
1230 4085 1308 4136 hcilil
1327 4085 1355 4137 l..
1376 4083 1396 4137 l.
1416 4085 1446 4137 lt.

257 4183 283 4220 n.
303 4168 377 4218 Balbi
396 4183 452 4222 cos.
476 4173 523 4221 458
542 4183 567 4222 a.
588 4169 650 4220 Chr.
688 4169 737 4220 Th.
763 4171 911 4222 Mommsen
936 4171 1050 4238 Ephem.
1077 4172 1161 4236 epigr.
1189 4173 1200 4221 l
1225 4185 1252 4238 p.
1273 4174 1322 4221 885
1342 4173 1400 4222 not.
1422 4174 1445 4219 4.

257 4259 288 4304 45
308 4255 368 4305 Cos.
391 4259 439 4304 484
464 4268 489 4306 a.
509 4255 571 4306 Chr.
609 4255 679 4306 Eum
705 4257 761 4305 tum
785 4257 828 4308 vel
853 4257 969 4308 maxime
995 4269 1106 4323 operam
1130 4254 1240 4308 dedisse
1263 4260 1295 4309 ut
1318 4257 1446 4308 Graeciae

256 4341 380 4404 regiones
398 4341 507 4406 Delphis
526 4341 691 4408 propinquas
713 4355 737 4393 a.
759 4342 792 4392 M.
813 4341 898 4393 Fulvii
922 4339 1083 4404 Nobilioris,
1110 4355 1230 4407 quocum
1255 4344 1377 4410 privatas
1394 4343 1447 4392 4444-

255 4426 372 4476 micitias
391 4425 522 4490 habebat,
544 4427 670 4478 violentia
689 4429 800 4490 tegeret,
822 4428 926 4478 monuit
937 4428 966 4478 Α.
982 4427 1131 4479 Mommsen
1145 4427 1239 4480 Philol.
1254 4427 1341 4479 xxiv
1358 4443 1385 4494 p.
1402 4429 1444 4490 ³t,

253 4525 369 4576 eamque
387 4511 421 4563 oh
440 4525 551 4564 causam
570 4513 595 4564 ei
608 4513 765 4580 proxeniem
779 4513 914 4566 decretam
928 4527 988 4566 esse
1001 4513 1072 4564 haud
1085 4512 1301 4580 improbabiliter
1313 4514 1440 4566 coniecit.
