3138 5050
141 349 203 414 ..51
433 347 454 397 l.
480 344 569 410 iisqne
587 345 621 396 ad
640 344 721 396 finam
740 345 805 396 balli
824 344 1052 409 Peloponnesiaci.
1295 343 1330 401 ll

144 429 1333 460 ..—.„-—.-—---—-—

146 551 229 624 οφίαιν
249 551 350 622 optato
368 536 427 602 dard*
437 567 465 602 τε
479 547 689 618 [Ιιλοποννηοίων
707 549 751 600 ναί
769 547 824 600 ὅσοι
836 546 1050 616 Πελοποννησίοις
1067 545 1132 616 ἠααν
1150 549 1195 598 τοῦ
1210 541 1335 614 Ἑλληνι-

145 641 193 691 soi
206 637 353 710 αιἰμμαχοι.
367 633 595 688 dedecorasset&
613 631 737 685 πλοίων
754 631 793 685 τοὶ
809 632 892 702 dapar
909 631 1107 702 αοομήματα
1124 629 1180 684 ani
1198 630 1336 689 ἀσπίδες

144 721 284 798 χαλααῖ·
304 722 332 774 τὸ
352 719 379 774 δὲ
398 719 546 792 ἐπίγραμμα
562 719 592 771 τὸ
611 711 653 770 ἐπ’
678 717 766 776 αὐτοῖς
783 715 889 788 ἀριθμεῖ
905 716 950 774 τὰς
968 715 1054 775 πόλεις
1078 715 1127 787 ἀφ’
1151 717 1185 769 ὦν
1211 715 1235 768 ci
1252 712 1336 784 ‘Aia-

144 814 213 861 ναῖοι
229 806 263 860 τὰ
280 805 413 875 ἀαροθίνια
431 802 596 866 ἀπέστειλαν,
621 803 668 873 τήν
691 821 719 854 τε
733 798 844 856 Ἠλείων
862 802 906 854 aci
923 799 1146 872 Λακεδαιμονίων,
1174 797 1291 854 Σικυῶνά
1308 819 1336 853 τα

145 894 190 946 nni
207 889 332 962 λίέχαμα,
351 890 397 944 ani
414 885 562 957 Πελληνέας
573 883 695 960 Ἀχαιῶν,
716 885 871 958 Ἀμβρακίαν
889 905 915 938 τε
933 887 976 938 arni
989 883 1109 940 Λευιιάλα
1126 887 1170 939 καὶ
1188 885 1266 957 αὐτὴν
1280 881 1337 940 Κό-

147 974 248 1048 μινίλον·
268 972 385 1047 γενέσθαι
403 973 431 1028 δὲ
449 972 499 1026 ἀπὸ
517 979 569 1026 τῶν
585 981 736 1045 ναυμαχιῶν
753 972 853 1025 τουτων
870 974 914 1025 οιαὶ
932 969 1021 1025 losio
1040 971 1121 1042 Θησεῖ
1136 973 1180 1025 καί
1196 973 1233 1042 rip
1246 969 1337 1025 Ποσει-

146 1063 210 1116 δῶνι
233 1061 277 1132 tari
298 1063 336 1131 τῷ
355 1058 538 1128 ὀνομαζομένῳ
554 1053 634 1128 Ῥίῳ.
657 1058 701 1112 καί
724 1075 769 1128 μοι
792 1057 906 1128 φαίνεται
927 1058 957 1110 τὸ
982 1057 1129 1130 ἐπίγραμμα
1153 1055 1179 1116 ie
1198 1054 1337 1128 Φορμίωνα

143 1149 190 1202 τὸν
208 1145 357 1218 Ἀσωπίχου
376 1145 444 1216 ἔχειν
462 1145 507 1196 aui
524 1143 550 1201 ἐς
567 1148 612 1196 τοῦ
631 1139 783 1214 Φορμίωνος
799 1143 833 1196 τὰ
850 1143 921 1212 ἔργα.
964 1145 997 1194 Et
1019 1145 1154 1208 porticum
1178 1145 1292 1196 eandem
1311 1149 1338 1196 ai

148 1235 259 1286 titulum
278 1233 361 1284 alium
380 1244 450 1294 esse,
479 1243 511 1282 ac
532 1231 677 1282 Pausanias
696 1231 926 1292 commemoravit,
957 1231 1129 1280 manilestum
1156 1233 1207 1280 est.
1241 1234 1275 1281 Al
1302 1243 1336 1280 ne

147 1320 244 1370 eadem
258 1319 370 1382 quidem
388 1319 476 1368 aelata
495 1316 579 1366 incisa
599 1320 640 1366 est
658 1317 798 1382 inscriptio
817 1329 886 1380 quaa
905 1317 931 1365 in
945 1317 1028 1379 gradu
1045 1327 1117 1366 nuuc
1134 1317 1205 1365 extat
1223 1319 1250 1366 et
1268 1329 1337 1380 quaa

149 1407 176 1455 in
196 1405 264 1471 ipsis
281 1403 375 1470 spoliis
393 1401 524 1452 dedicatis
542 1399 606 1450 olim
629 1401 691 1464 luit;
719 1415 781 1452 nam
806 1402 877 1451 hanc
900 1401 934 1451 ad
959 1401 1057 1451 bellum
1078 1401 1337 1466 Peloponnesiacum

150 1489 321 1542 reserandam
339 1499 400 1540 esse
418 1486 564 1536 Pausanias
576 1490 649 1538 recte
662 1501 694 1538 ex
706 1487 846 1536 civitatum
859 1487 1014 1536 nominibus
1027 1486 1145 1550 collegit,
1166 1487 1239 1537 illam
1253 1486 1337 1537 multo

149 1577 331 1640 antiquiorem
343 1589 403 1628 essa
416 1576 566 1626 litierarum
580 1573 682 1625 formae
699 1577 824 1636 arguunt.
852 1572 931 1643 liacte
951 1573 1032 1635 luitur
1045 1572 1265 1622 Hauasoullierus
1278 1574 1339 1636 post

149 1662 291 1712 victoriam
311 1663 434 1712 navalem
453 1675 537 1726 propa
550 1661 679 1724 Aeginam
697 1661 802 1722 partam
824 1657 916 1735 (Thoe.
932 1659 951 1716 l,
969 1661 1027 1708 liii.
1050 1657 1133 1722 [Lym]
1148 1657 1180 1720 ll,
1195 1659 1236 1707 le.
1257 1657 1336 1708 Diod.

149 1749 168 1810 l,
186 1750 226 1808 is)
252 1760 323 1798 auno
344 1750 391 1798 toi
411 1762 436 1798 a.
458 1746 521 1798 Cur.
541 1747 675 1812 porticum
694 1747 871 1804 exstructam,
897 1746 958 1807 post
977 1743 1145 1793 Phormiouis
1165 1744 1334 1792 victoriosa.

151 1835 200 1882 lii
220 1831 313 1898 spoliis
331 1833 461 1884 dedicatis
480 1845 549 1881 nova
568 1831 659 1881 addila
678 1842 764 1893 eaque
782 1825 967 1892 peculiaribus
985 1827 1069 1877 titulis
1087 1831 1178 1878 ornata
1198 1841 1258 1879 essa
1271 1841 1338 1878 con-

149 1919 221 1978 iecit,
243 1931 307 1967 cum
326 1919 477 1982 antiquiora
496 1916 539 1968 llla
559 1915 725 1966 coniunctim
743 1915 769 1963 iu
783 1913 868 1977 ipsius
886 1918 960 1963 sloae
979 1914 1153 1978 inscriptione
1172 1911 1338 1964 dedicatoria

149 2003 267 2054 indicata
286 2008 387 2054 essent.

147 2273 153 2280 -
239 2223 260 2290 ὅ
291 2224 410 2288 Tabula
439 2242 613 2286 marmorea
644 2225 773 2285 inventa
803 2223 1012 2284 Halicarnassi
1055 2221 1223 2302 (Badtina).
1277 2222 1335 2284 Ed.

151 2321 285 2389 Νοννίου
300 2327 496 2389 Discoverias
518 2336 551 2388 at
566 2326 801 2387 Halicarnassus
824 2346 856 2406 p.
881 2325 919 2386 23
945 2343 1015 2406 sqq.
1042 2325 1097 2385 eil
1120 2343 1190 2406 sqq.
1218 2335 1249 2387 ct
1271 2325 1336 2386 tab.

152 2431 193 2490 85
223 2429 306 2512 (inde
334 2431 372 2490 H.
398 2431 526 2510 Sauppe
549 2429 756 2490 Naohriohten
788 2446 848 2488 von
876 2425 935 2488 der
956 2427 1021 2508 igi.
1047 2425 1254 2490 Geselischait
1282 2427 1340 2491 der

152 2531 423 2595 Wissenschaiten
460 2551 498 2594 zu
528 2531 694 2611 Gottingeu
733 2531 813 2590 ί863
845 2551 877 2611 p.
903 2529 965 2590 303
998 2529 1099 2612 sqq).
1153 2529 1340 2592 Accuratius

154 2635 317 2714 exemplar
347 2633 495 2696 exhibuit
517 2635 648 2694 Ναννίου
672 2633 889 2696 Transactions
919 2634 951 2694 oi
978 2635 1030 2695 the
1061 2635 1147 2714 royal
1170 2634 1288 2714 society
1311 2631 1344 2694 oi

153 2738 341 2798 Litterature
369 2735 447 2797 1867
472 2735 619 2797 Decemb.
647 2735 697 2796 i8.
750 2736 797 2795 Hx
828 2736 886 2797 hoc
914 2745 947 2798 ol
975 2745 1087 2818 ectypo
1115 2737 1278 2799 olrartaceo
1300 2733 1341 2796 ab

153 2841 189 2902 G.
219 2837 396 2901 Hirschfeld
419 2847 545 2918 accepto
569 2837 737 2900 maximam
760 2838 845 2898 tituli
876 2847 997 2917 partem
1026 2839 1162 2920 (praeter
1185 2839 1339 2903 versus'i

155 2952 188 3002 et
213 2942 348 3020 iil-22)
378 2941 563 3002 minusculis
587 2941 701 3001 litteris
725 2941 881 3020 expressit
895 2941 932 3000 A.
952 2941 1115 3002 Hircbboff
1127 2942 1262 3005 Studien
1285 2963 1341 3006 zur

152 3043 266 3105 Gesch.
293 3042 349 3105 des
372 3043 489 3124 griscia.
516 3041 690 3124 AlpHabets
713 3043 765 3106 ed.
790 3043 808 3103 3
833 3063 866 3123 p.
893 3043 909 3103 l
935 3061 1006 3124 sqq.

243 3191 324 3259 Τάδε
353 3191 369 3258 ‘o
389 3191 562 3281 [criHAoi-{oei
583 3189 808 3280 diffiouisrionrio]
827 3195 832 3281 Ι
852 3189 868 3258 ὃ
885 3189 1157 3281 Ἃλυιαρνατίέωλι1
1186 3195 1236 3262 καί
1258 3195 1341 3264 Σάλ-

227 3351 341 3400 litlarae
352 3352 475 3416 volgares
484 3353 592 3415 praeter
600 3351 720 3401 omicron
730 3351 892 3415 plerumque
905 3353 1005 3414 puncto
1020 3355 1151 3406 notatum.
1170 3353 1266 3406 Paucis
1277 3354 1343 3406 locis

158 3438 241 3486 etiam
254 3437 279 3486 Ω
291 3441 422 3501 punctum
434 3435 525 3486 habel.
561 3437 681 3486 Aetatem
695 3435 815 3486 delinivit
832 3435 1015 3487 liirchhoillua
1033 3449 1061 3502 p.
1074 3442 1088 3487 5
1099 3450 1158 3503 sqq.
1170 3457 1175 3488 :
1198 3441 1342 3505 Lygdamia

156 3523 193 3584 (ν.
214 3523 238 3584 s)
260 3533 347 3585 nequa
365 3522 486 3584 privatus
505 3521 586 3572 inissa
604 3525 701 3586 potest,
721 3533 785 3571 corn
804 3521 871 3572 haec
889 3521 959 3572 inter
976 3535 1038 3572 eum
1057 3527 1085 3574 at
1102 3525 1249 3576 concilium
1268 3525 1344 3578 llaii-

155 3607 360 3658 carnasensium
379 3606 628 3657 at'Salmacitarum
646 3609 836 3667 convenirent,
864 3619 952 3671 nequa
977 3608 1097 3673 ipsarum
1121 3609 1230 3661 urbium
1254 3611 1343 3662 domi-

156 3703 218 3755 nus,
238 3693 302 3756 quia
320 3691 359 3740 sic
377 3692 437 3742 eius
454 3703 554 3742 nomen
573 3695 646 3743 certe
664 3693 845 3756 praemissum
869 3695 942 3743 essai
963 3693 1071 3744 concilii
1096 3694 1169 3745 illius
1196 3699 1341 3760 mentioni;

156 3777 205 3828 sed
223 3775 399 3828 statuendum
423 3779 480 3840 est,
505 3779 614 3828 civitais
640 3781 754 3842 utraque
778 3777 812 3827 ab
834 3777 959 3828 exulibus
984 3780 1010 3828 in
1033 3779 1183 3831 libertatem
1209 3783 1344 3834 vindicata

155 3873 218 3913 cum
233 3861 376 3925 Lygdamis
389 3861 416 3911 in
430 3862 527 3913 ricinis
539 3863 633 3914 Cariae
646 3863 801 3926 regionibus
819 3864 964 3928 imperinm
982 3867 1146 3928 retinuisset,
1167 3867 1219 3918 hoc
1235 3872 1343 3933 pactum

156 3949 227 3998 iuter·
243 3959 308 3998 eum
326 3949 353 3996 el
369 3947 492 3998 civitates
510 3947 609 3998 lactum
627 3959 696 3998 esse.
728 3949 807 4013 Atqui
832 3961 919 4012 neque
937 3953 998 4014 post
1014 3963 1116 4001 annum
1134 3951 1174 4003 Ol.
1190 3955 1261 4018 8⁴,8
1283 3955 1342 4016 (lul

154 4045 170 4082 a
189 4031 276 4094 Clam),
296 4033 359 4096 quia
378 4033 431 4082 iam
456 4037 514 4082 lum
533 4033 736 4085 Halicarnassus
754 4033 838 4084 libera
857 4035 952 4085 civitas
975 4035 1002 4085 in
1021 4035 1157 4087 laterculis
1181 4039 1344 4092 tributorum

156 4118 250 4168 Atticis
262 4120 423 4168 recensetur
439 4117 475 4178 (C.
488 4119 507 4169 l.
518 4119 571 4168 Ait.
585 4119 594 4168 l
606 4121 677 4180 tiu),
692 4131 780 4184 nequa
792 4119 877 4169 multo
889 4121 951 4171 ante
965 4120 1041 4171 illurn
1054 4135 1164 4186 annum,
1180 4125 1243 4189 quia
1258 4127 1345 4176 Pisin-

156 4202 234 4264 delis‚
256 4203 429 4267 Lygdamidis
440 4207 527 4268 pater,
547 4204 642 4268 proelii
655 4203 792 4255 Salaminii
806 4209 928 4271 tempore
942 4206 1050 4256 vixdum
1065 4205 1157 4257 adulta
1173 4213 1258 4261 aelate
1277 4214 1344 4275 erat,

157 4287 363 4339 Halicarnassus
381 4288 566 4340 dominatione
585 4287 698 4340 liberata
717 4292 766 4340 ast.
810 4291 902 4355 Ipsum
927 4291 1066 4341 decretum
1086 4293 1120 4343 ad
1139 4293 1233 4346 turbas
1251 4296 1345 4348 civiles

158 4375 186 4424 et
203 4372 276 4424 bella
294 4374 420 4424 intestina
431 4375 559 4439 partimi,
580 4373 733 4438 exquibus
752 4375 851 4426 molins
876 4375 910 4426 de
929 4376 1049 4427 dominio
1068 4375 1213 4430 lundorum
1232 4386 1346 4432 conian-

158 4459 245 4509 ilones
273 4459 350 4510 naias
376 4471 436 4511 essa
463 4463 677 4511 consentaneum
705 4465 755 4512 esi.
829 4467 838 4510 l
861 4460 932 4512 inira
957 4475 982 4513 v.
1008 4466 1049 4516 ti.
1071 4467 1098 4513 lt
1126 4463 1211 4516 iorma
1229 4468 1346 4532 volgaris
