3082 5054
294 323 357 392 332
790 317 866 378 'Pers
882 327 966 393 prior.
1382 329 1466 393 [tit-

379 527 542 618 γροίμματα
565 526 740 595 ἀποστεῖλαι
767 528 884 612 ἔδοξεν,
916 523 996 602 ὅπως
1022 529 1089 617 περὶ
1117 525 1222 596 τοίντοο
1251 533 1301 617 τὴι
1322 533 1466 617 denespion

378 633 542 720 προςέχηι,
571 627 672 706 καθὼς
702 627 738 697 ἂν
768 628 863 697 ehtde
892 634 926 698 ἐκ
953 637 1012 698 τῶν
1042 633 1194 718 δημοσίων
1223 631 1401 720 πραγμάτων
1421 635 1465 701 καὶ

336 732 467 821 451Ητ1ῆς
490 737 568 810 ἰδίας
589 735 716 808 πίστεως
738 735 894 821 φαίνηται.
919 734 1031 807 ἔδοξεν.
1052 735 1114 819 1-
1130 731 1267 810 ὡςαιίτως
1295 737 1363 825 περί
1385 731 1422 802 ὧν
1442 742 1466 804 οἱ

380 833 464 904 αιἰτοί
492 833 599 924 λόγους
627 833 804 923 ἐποιήσαντο
833 837 908 926 περ[ί
940 838 1033 924 {dois
1057 840 1145 903 δικῶν
1153 841 1181 884 ²⁰
1208 837 1398 915 Ξενοτιίλίδος
1423 841 1467 907 καὶ

382 939 545 1022 Μνασίδος,
570 934 651 1014 ὅπως
674 943 708 1008 ἐκ
730 937 883 1014 Χαλκίδος
914 937 1061 1028 ἀφεθῶσι,
1082 941 1155 1026 isai
1177 941 1351 1030 Δαμοκρίτα
1373 945 1468 1010 Διονο·

381 1044 447 1109 σίοο
472 1046 510 1132 ἐχ
539 1042 650 1132 Θηβῶν
677 1041 761 1128 (κατὰ
782 1039 933 1127 τλιιίιτιί·21
962 1043 1031 1132 περί
1059 1039 1196 1110 murore*
1224 1053 1284 1110 τῶν
1320 1043 1469 1133 ιιο’λε1ων22

337 1163 371 1213 50
382 1141 503 1234 ἀφεῖναι
518 1145 630 1225 ἔδοξεν,
655 1145 707 1211 καί
721 1139 801 1220 ὅπως
816 1147 860 1220 τίς
875 1145 989 1234 Θίσβας
1006 1143 1046 1234 μὴ
1062 1149 1261 1214 κατέλθωσιν.
1285 1148 1396 1222 ἔδοξεν.
1411 1149 1421 1236 ss
1433 1187 1470 1196 -

379 1245 533 1334 [ὡίςαότως
561 1247 629 1336 περὶ
652 1242 687 1314 οὗ
713 1243 824 1322 ταιίτας
849 1245 902 1322 τὰς
928 1253 1072 1336 γυναῖκας
1099 1245 1202 1338 ὖδρίας
1225 1246 1277 1317 τὸν
1305 1247 1468 1340 sip-{opimi}

380 1353 430 1436 sik
452 1350 502 1418 τὸν
524 1347 688 1438 στρατηγὸν
717 1353 844 1416 ἐνοικεῖν
854 1353 882 1398 ²³
903 1349 1046 1418 εἴπασαν·
1078 1353 1147 1440 περὶ
1175 1349 1281 1420 τούτου
1308 1359 1361 1420 τοῦ
1382 1341 1468 1442 τράγ-

379 1454 495 1540 [poirok
517 1448 637 1541 ὕστερον
668 1454 766 1520 ἔναντι
789 1452 880 1520 Γαΐου
904 1455 1063 1542 Λοκριτίοο
1092 1454 1318 1544 βουλεύσασθαι
1346 1458 1468 1542 &heizet

381 1595 425 1606 —
446 1552 584 1631 ιλνςαιίτως
612 1555 679 1644 περί
708 1549 750 1622 ὧν
780 1559 808 1621 ολ
838 1553 923 1623 noret
945 1557 1066 1646 Θισβιῖς
1095 1557 1273 1645 ἐνεφάνισαν
1302 1557 1372 1647 περὶ
1400 1561 1470 1625 σίτοο

381 1659 433 1725 καί
455 1659 588 1744 ἐλίαῆΙοο
611 1661 728 1733 tenete
750 1660 908 1725 κοινωνίαν
929 1658 1001 1748 πρὸς
1025 1659 1132 1726 Γναῖον
1153 1661 1374 1729 Πανδοσῖνονί*
1394 1688 1470 1749 γεγο-

341 1781 373 1831 55
382 1765 480 1829 νίναι·
508 1761 576 1850 περὶ
598 1758 728 1850 τοιίΙ[τ]οο
749 1759 996 1849 τοῦπράγματος
1018 1755 1073 1829 κᾶν
1091 1760 1193 1851 κριτὰς
1216 1767 1323 1852 λαβεῖν
1348 1762 1470 1854 βούλων-

382 1891 449 1947 ται,
487 1861 602 1940 τούτοις
630 1861 733 1952 κριτὰς
763 1865 894 1951 &effitiunt
921 1865 1031 1939 ἔδοξεν.
1056 1903 1100 1914 -
1126 1863 1266 1941 ὡςαιίτως
1294 1867 1364 1955 περί
1392 1862 1430 1932 ὧν
1449 1871 1471 1933 οἱ

383 1966 469 2036 αιἰτοί
491 1963 597 2055 λόγους
620 1964 798 2054 ἐποιήσαντο
820 1967 889 2055 περί
910 1972 963 2036 τοῦ
982 1968 987 2056 Ι
1006 1964 1169 2056 γράμματα
1196 1973 1300 2036 δοῦναι
1323 1971 1471 2059 Θισβεῦσιν

382 2071 426 2144 είς
454 2063 605 2136 Αἰτωλίαν
636 2071 688 2136 καί
714 2069 854 2136 Φωκίδα·
888 2071 957 2159 περί
984 2067 1090 2138 τούτου
1110 2071 1114 2160 Ι
1133 2078 1185 2139 τοῦ
1212 2071 1389 2160 πράγματος
1410 2075 1472 2139 Θισ-

298 2315 415 2380 iepidem
434 2327 448 2364 s
467 2313 615 2364 Schmidtio
633 2313 837 2364 accuratissime
856 2315 1038 2364 examinutum
1058 2313 1143 2364 teneri
1163 2319 1311 2379 nequeunt.
1344 2319 1401 2383 tpse
1419 2315 1471 2367 seh.
1517 2355 1518 2370 ι

297 2403 337 2453 sie
355 2401 460 2452 stituit:
486 2391 615 2450 mutieres
639 2399 699 2449 iiiss
723 2411 785 2449 oum
809 2399 870 2451 iites
894 2399 1073 2451 intendissent
1095 2399 1195 2450 eiviteti
1220 2399 1411 2454 Thisbensium
1433 2416 1474 2467 pe·

296 2488 375 2538 eunte
394 2485 547 2551 corrupisse
561 2485 589 2536 C.
607 2483 762 2536 Lueretinm
784 2489 952 2550 praetorem,
980 2497 1098 2552 eumque
1116 2485 1309 2538 Chalcidenses
1328 2487 1473 2540 Thebanos-

298 2586 351 2638 que
375 2573 486 2624 iussisse
505 2570 565 2622 iiies
583 2571 698 2635 henigne
724 2571 845 2637 recipere
869 2575 896 2622 et
919 2571 1059 2622 adiuvere.
1095 2571 1185 2632 Quare
1209 2575 1337 2624 sonetum
1361 2573 1474 2639 precihus

295 2658 487 2710 Thisbensium
512 2669 616 2707 morem
634 2669 739 2720 gerere,
760 2669 822 2708 eum
842 2656 970 2707 mulieres
988 2655 1088 2706 Thebis
1110 2659 1138 2708 et
1156 2657 1284 2710 Cheioide
1303 2659 1411 2725 expetii,
1435 2673 1474 2708 ne·

299 2757 435 2808 querere
453 2741 566 2793 Thisbes
584 2741 673 2793 redire
692 2741 793 2793 iubent.
830 2743 878 2802 At,
898 2741 1029 2806 quiequid
1047 2741 1081 2792 de
1100 2755 1132 2792 ee
1149 2755 1179 2793 re
1197 2743 1264 2793 dieii
1286 2745 1362 2807 seh„
1388 2743 1475 2814 ἀοιίντι

298 2841 351 2900 nen
370 2829 411 2878 est
430 2825 514 2880 ‘ehire
531 2825 626 2877 iubere
644 2831 691 2878 ent
707 2827 827 2890 eogere’,
848 2825 896 2878 sed
916 2827 999 2878 ‘ehire
1013 2825 1122 2878 sinere'.
1195 2831 1222 2877 nt
1240 2827 1315 2880 Nihii
1330 2831 1381 2880 nisi
1395 2827 1474 2881 ΑΥΤΑ

298 2915 326 2964 in
344 2913 433 2978 lepide
451 2916 501 2967 est.
527 2913 556 2963 id
574 2911 638 2964 iem.
651 2913 719 2976 sing.
741 2913 840 2975 (ioue.)
859 2925 920 2963 esee
938 2925 992 2964 non
1010 2925 1090 2978 pesse
1108 2925 1170 2963 eum
1188 2913 1248 2964 eiiis
1266 2915 1301 2965 de
1319 2917 1410 2966 oensis
1427 2919 1474 2966 tun

297 3004 410 3066 propter
422 3000 578 3050 Dorismum
596 2999 631 3050 eb
649 2997 701 3048 hoo
718 2998 795 3048 tituto
813 2997 931 3049 niienum
950 2999 1055 3048 monuit
1072 2999 1106 3048 ii.
1145 2998 1277 3050 Neutrum
1295 3001 1410 3066 pinreiis
1426 3011 1475 3052 esse

299 3087 395 3136 statuit
412 3085 474 3136 Soh.
511 3085 564 3136 Sed
582 3097 671 3149 neque
689 3082 875 3134 contusionem
895 3084 1084 3149 pronominum
1108 3081 1122 3135 i
1141 3081 1218 3142 αὐτὸς
1236 3089 1264 3135 et
1281 3083 1359 3144 αὐτὸς
1377 3089 1403 3137 1ο
1422 3087 1476 3136 iiiu-

299 3171 388 3223 iorum
414 3182 539 3221 sermone
567 3173 620 3219 tem
648 3169 700 3220 inte
728 3173 820 3234 petere
845 3182 933 3234 neque
958 3169 1031 3220 nudo
1057 3171 1211 3222 eoousotivo
1238 3171 1284 3222 hie
1311 3172 1402 3224 iocum
1427 3185 1476 3222 esse

300 3257 366 3308 mihi
385 3256 495 3322 quidem
514 3257 658 3322 persuasit.
683 3254 771 3316 Quare
790 3267 876 3320 quum
895 3258 1036 3319 apparent,
1063 3254 1204 3320 inpieidem
1224 3257 1329 3322 siiquid
1353 3259 1475 3311 turbasse.
1516 3239 1517 3280 3

300 3343 330 3394 it.
351 3341 483 3394 Heroheri
504 3345 555 3409 (ep.
572 3342 615 3405 ii.)
637 3341 854 3392 emendationem
873 3341 994 3406 reoipere
1013 3353 1066 3392 nen
1085 3341 1215 3392 dubitavi.
1287 3346 1321 3391 ih
1340 3345 1384 3394 Sin
1402 3345 1426 3394 in
1445 3343 1477 3393 in·

300 3429 364 3496 pide
382 3430 514 3494 seriptum
533 3440 593 3480 esse
611 3426 753 3478 Schmidtii
771 3426 927 3478 testimonio
945 3429 1060 3478 constet.
1086 3425 1139 3476 Sed
1151 3427 1225 3477 nuiie
1240 3427 1322 3479 medo
1336 3429 1404 3480 hneo
1416 3433 1477 3479 reete

300 3529 330 3568 se
350 3515 451 3566 hebere
468 3517 598 3579 pessunt,
618 3515 702 3562 immo
726 3515 787 3577 pest
803 3509 901 3563 τούτων
926 3511 1057 3577 iepieidee
1080 3511 1205 3562 socordia
1229 3511 1333 3577 eliquid
1357 3513 1477 3566 exciderit

301 3613 415 3653 neeesse
441 3603 496 3651 esi:
525 3599 674 3650 oenieoeris
701 3593 879 3666 περὶτούτων
905 3594 991 3662 [αὐτὰς
1018 3593 1049 3648 is
1072 3591 1178 3660 τοὺτων]
1194 3603 1245 3650 τῶν
1267 3581 1370 3651 πόλεων
1387 3598 1478 3667 denses

300 3684 385 3748 ίλοξιν
402 3685 577 3738 incidendum
591 3683 683 3746 tuisse,
703 3683 882 3748 ineunemque
901 3697 935 3734 ox
953 3683 1049 3734 itereto
1066 3680 1162 3734 τούτων
1181 3689 1277 3758 ortem.
1351 3688 1383 3734 iii
1403 3684 1478 3734 Meni-

300 3773 368 3824 iesto
396 3771 441 3824 hie
467 3771 501 3822 de
526 3769 605 3822 donis
626 3769 730 3836 quihus
761 3772 912 3834 preetorem
939 3780 1113 3834 eorrumpere
1137 3773 1250 3820 renotem
1275 3775 1353 3822 erent
1379 3770 1477 3822 dieitur.

300 3859 361 3910 soh.
419 3861 451 3908 it
472 3851 563 3914 Γναῖος
581 3867 688 3918 nomen,
711 3851 866 3912 [insonuisse
879 3855 991 3918 originis
1008 3853 1221 3918 designationem
1239 3869 1299 3908 esse
1317 3857 1420 3907 monuit
1437 3853 1476 3912 ii„

300 3957 389 4010 neque
407 3941 587 3996 dubitandum
606 3954 676 4002 esse,
696 3943 761 4008 quin
781 3941 911 3992 i‘endosie
933 3941 1108 4004 Bruttiorum,
1129 3954 1183 3992 non
1201 3941 1291 4007 Epiri,
1311 3937 1478 4006 intellegendi

300 4033 382 4083 esset.
413 4030 535 4082 Gnaeum
547 4027 620 4078 enim
638 4041 672 4078 ex
691 4039 804 4078 numero
823 4027 1018 4090 negotiatorum
1036 4026 1190 4078 iieiicorum
1208 4028 1234 4077 in
1247 4027 1356 4079 Graecis
1374 4027 1479 4078 urhihue

300 4115 506 4167 oonsisientium
524 4111 616 4164 tuisse.
654 4114 693 4164 De
717 4113 846 4164 sooietets
867 4109 1004 4176 (κοινωνία)
1030 4113 1100 4163 inter
1123 4125 1185 4164 eum
1208 4117 1236 4164 et
1253 4113 1389 4164 civitatem
1408 4112 1478 4162 This·

302 4200 427 4252 bensium
454 4197 524 4250 ieotn
543 4199 725 4250 iiommeenus
752 4211 779 4263 p.
799 4201 848 4246 tet
876 4199 917 4248 sio
943 4199 1051 4248 stetuiir
1080 4197 1188 4248 Fundos
1205 4197 1336 4262 quosdam
1364 4198 1478 4264 puhiieos

302 4285 495 4344 Thisbensium
519 4285 606 4338 videri
631 4286 722 4336 Gneee
747 4283 860 4334 traditos
878 4295 938 4334 esse
955 4282 1092 4356 μονάσι,
1119 4295 1152 4334 ee
1176 4283 1350 4347 condicione,
1377 4289 1406 4334 nt
1429 4281 1477 4332 iru-

302 4371 385 4420 menti
409 4375 437 4421 et
459 4371 512 4422 oiei
535 4374 610 4420 certe
628 4383 691 4435 pers
708 4370 744 4420 ed
762 4369 901 4420 civitatem
921 4369 1088 4434 perveniret,
1115 4383 1196 4433 quern
1221 4371 1248 4420 in
1273 4383 1329 4421 rem
1352 4370 1427 4420 eiiert
1450 4379 1478 4416 er

303 4457 360 4506 iure
379 4455 560 4508 itomnnernm
578 4457 732 4508 testimonie
751 4455 854 4520 iiipieni
881 4455 949 4519 (hig.
965 4459 1006 4516 ti,
1027 4457 1050 4504 i.
1072 4457 1113 4513 ii,
1135 4455 1159 4516 i)
1186 4461 1212 4506 et
1230 4455 1338 4507 cetenis
1361 4454 1395 4506 de
1413 4454 1477 4518 egri-
