3110 5056
235 335 386 430 713-
744 337 806 387 Pars
825 340 907 402 prior.
1384 339 1427 402 [77

234 539 302 590 7777
321 541 361 590 07.
384 544 441 604 777,
463 543 477 588 7
499 539 583 608 (77717
602 555 627 592 7.
648 541 721 604 Chr.)
749 547 907 593 recensetur
933 541 1006 608 apud
1025 541 1141 602 Buechh,
1171 542 1283 592 Seenrk.
1313 555 1339 606 p.
1366 544 1429 593 777.

234 625 327 674 Melea.
373 628 385 672 7
406 625 621 690 Haecprytania
646 626 741 678 incidit
763 628 790 678 in
809 639 930 678 mensem
949 627 1126 678 Februarium
1151 630 1197 677 aut
1215 627 1342 676 Martium
1366 627 1432 676 anni

235 708 412 760 77777177.
486 711 700 762 tldamthonlus
725 725 750 762 7.
772 715 813 764 77.
851 712 890 762 De
913 711 1010 764 eodem
1028 711 1110 762 777777
1128 712 1151 760 ll
1170 725 1196 776 p.
1217 715 1249 761 77
1269 711 1432 774 intellegen-

235 795 301 844 dum
320 793 422 845 iudicat
439 795 564 860 Diogenis
583 797 681 847 Laertii
698 795 788 846 locum
806 797 838 858 V,
859 799 905 846 85:
928 793 1044 863 δεύτερος
1065 789 1267 864 (Ἀριστοτέλης)
1283 792 1431 847 ὁτολιτευ-

236 875 344 944 σοίμενοτ
362 873 502 947 Ἀθήνησι,
528 876 558 931 οὖ
584 879 628 933 καί
652 879 776 932 δικανικοὶ
793 879 913 951 φέρονται
930 878 1002 951 λόγοι
1020 877 1158 952 χαρίεντες.
1184 869 1187 876 ’
1249 880 1432 944 blliligenter

234 967 332 1014 cavent
349 963 537 1028 Athenienses,
558 978 592 1016 ne
610 967 685 1032 pacis
702 965 876 1017 Antalcideae
894 965 967 1030 leges
985 966 1102 1029 migrare
1120 964 1190 1014 velle
1217 965 1362 1016 videantur
1384 963 1429 1028 (77.

236 1061 261 1098 7.
283 1049 336 1110 77).
411 1047 482 1100 ccl.
504 1064 528 1100 v.
551 1054 652 1100 77-77
669 1063 733 1102 cum
751 1053 807 1101 not.
829 1053 870 1102 77.
942 1049 1037 1120 tebit
1056 1050 1178 1100 omnium
1197 1050 1350 1100 civitatium
1369 1063 1431 1100 ma-

235 1133 387 1182 ritimarum
405 1135 485 1198 primi
504 1147 568 1184 cum
586 1134 797 1187 Atheniensibus
814 1135 973 1186 societatem
992 1135 1108 1184 77777777
1127 1133 1169 1196 (77.
1185 1131 1251 1196 773).
1325 1138 1339 1185 8
1360 1135 1430 1185 Foe-

147 1215 153 1224 '
234 1217 286 1268 dus
305 1217 417 1282 quidem
435 1231 498 1268 cum
516 1219 649 1270 Thebanis
668 1221 722 1271 iam
740 1222 840 1270 aestate
858 1217 1036 1270 antecedente
1056 1219 1116 1281 (777
1135 1232 1160 1270 a.
1176 1218 1250 1280 Chr,
1272 1219 1325 1269 sub
1343 1218 1429 1269 finem

234 1303 298 1352 anni
317 1301 356 1352 01.
379 1307 437 1365 777,
459 1303 483 1365 7)
504 1302 604 1354 lactum
624 1307 682 1355 erat
701 1303 838 1367 (Scbaaicr
856 1305 890 1354 da
909 1303 990 1354 777777
1008 1316 1034 1368 p.
1051 1304 1086 1360 7);
1107 1303 1155 1356 sed
1175 1303 1201 1354 id
1222 1302 1344 1353 noudum
1362 1315 1428 1353 cum

234 1386 280 1437 illo
298 1387 502 1460 Atheniensium
522 1391 549 1438 et
566 1389 716 1440 civitatium
736 1391 933 1439 maritimarum
959 1389 1087 1438 societate
1106 1389 1142 1438 ita
1162 1388 1339 1438 coniunctum
1358 1391 1430 1452 7777,

233 1475 264 1521 77
281 1471 402 1522 Thebani
421 1475 574 1523 commnnls
592 1473 699 1524 concilii
720 1475 755 1536 (7.
771 1476 812 1524 te.
829 1473 870 1534 77)
889 1472 1034 1538 7777777777
1052 1477 1151 1522 777777.
1178 1472 1227 1523 Cui
1246 1472 1362 1523 concilio
1380 1484 1431 1523 777

233 1556 325 1621 777777
343 1559 406 1622 7777
423 1557 503 1608 Chios
521 1557 718 1622 Byzantiosque
742 1559 890 1610 accessisse
915 1557 997 1607 etiam
1022 1557 1157 1608 Diodorus
1174 1557 1239 1617 XV,
1266 1561 1298 1606 77
1326 1560 1427 1608 narrat.

234 1642 267 1690 At
284 1641 392 1691 videtur
409 1627 501 1692 errare
524 1645 638 1706 (etcum
657 1656 690 1693 77
709 1641 837 1694 Scbacler
854 1643 931 1692 Dem.
952 1642 963 1690 7
981 1654 1008 1706 p.
1029 1641 1084 1706 77),
1109 1653 1173 1692 cum
1198 1642 1226 1692 ld
1252 1645 1343 1693 tamen
1362 1646 1428 1694 ante

233 1725 320 1790 legem
339 1726 492 1778 Aristotelis
510 1727 591 1779 latam
611 1727 713 1779 iactum
736 1740 796 1779 esse
819 1729 920 1777 777777.
959 1726 1055 1790 Neque
1073 1727 1146 1776 enim
1165 1727 1218 1777 alla
1236 1727 1271 1778 de
1289 1739 1370 1778 causa
1388 1727 1432 1778 le-

233 1811 286 1873 gati
306 1810 411 1862 Thebes
430 1813 505 1862 missi
524 1825 584 1864 esse
602 1813 730 1864 videntur
757 1814 791 1876 (7.
813 1813 942 1874 77-77),
968 1824 1050 1875 quam
1078 1811 1158 1862 ulid
1181 1813 1373 1876 impetrarent,
1400 1815 1431 1863 et

234 1894 425 1946 Thebanorum
443 1909 541 1947 nomen
561 1899 587 1947 in
606 1897 696 1948 indice
714 1911 767 1947 non
786 1895 934 1948 abeodem
953 1909 1043 1957 manu,
1064 1909 1134 1960 quae
1147 1895 1324 1960 plebiscitum
1336 1897 1430 1961 ipsum

233 1984 260 2030 at
277 1981 528 2044 antiquissimorum
553 1985 689 2034 sociorum
714 1983 824 2032 nomina
843 1981 953 2040 incidit,
979 1979 1142 2045 insculptum
1167 1983 1209 2030 est
1230 1980 1272 2042 (77.
1294 1985 1350 2032 777.
1370 1983 1429 2044 77).

232 2065 321 2124 Quare
339 2065 430 2130 paullo
449 2069 509 2130 poet
526 2067 680 2117 Aristotelis
698 2069 882 2131 rogationem,
907 2078 1002 2117 meuse
1026 2064 1082 2116 7777
1100 2065 1183 2130 Aprili
1202 2079 1227 2120 a.
1249 2071 1297 2116 777
1317 2081 1341 2118 a.
1362 2067 1428 2122 Chr.

232 2149 375 2200 Thebanos
399 2151 506 2200 concilii
525 2152 661 2202 sociorum
686 2152 828 2217 participes
847 2150 931 2202 lectos
950 2154 1048 2203 statuo.
1155 2153 1169 2198 7
1189 2149 1229 2201 Cl.
1249 2154 1332 2202 77777.
1352 2153 1428 2214 xtV,

234 2237 264 2283 77
283 2241 334 2286 τῶν
353 2234 399 2303 μὲν
416 2232 555 2303 κτημάτων
572 2240 623 2288 τῶν
648 2232 776 2306 ὑμετέρων
801 2233 884 2287 αὐτῶν
903 2233 1045 2303 ἀπέστητε,
1072 2231 1227 2302 βουλόμενοι
1250 2233 1298 2302 τὴν
1322 2251 1429 2303 συμμα-

232 2317 290 2390 χίαν
310 2319 345 2377 ὡς
364 2317 482 2390 μεγίστην
499 2324 613 2388 ποιῆσαι.
652 2321 762 2372 Diodor.
782 2321 845 2381 XV,
873 2324 904 2369 77
930 2317 1087 2390 7ψηρίσαντο
1112 2316 1141 2370 δὲ
1163 2317 1270 2377 καὶτὰς
1288 2318 1429 2389 γενομένας

231 2401 389 2475 κληρουχίας
413 2401 622 2474 ἀποκαταστῆσαι
645 2407 699 2462 τοῖς
724 2402 844 2474 πρότερον
862 2402 959 2474 κυρίοις
978 2401 1115 2474 γεγονόσιν.
1153 2405 1184 2455 G.
1213 2405 1294 2456 Grote
1319 2403 1351 2455 H.
1378 2407 1426 2458 Gr.

232 2491 256 2541 X
275 2503 301 2554 p.
324 2493 368 2539 777
391 2493 418 2540 77
436 2491 466 2540 A.
486 2489 615 2542 schaefer
632 2490 709 2541 Deru.
735 2491 746 2539 1
770 2503 798 2556 p.
818 2493 849 2538 77
876 2501 931 2539 777
950 2489 1178 2554 possessionibus,
1198 2502 1267 2554 quas
1286 2491 1428 2540 etiamtum

232 2574 373 2634 baberent,
394 2574 442 2625 sed
461 2577 519 2625 iure
536 2575 644 2640 pridem
663 2575 763 2625 amissa
781 2572 962 2639 recuperandi
979 2572 1158 2624 Athenienses
1182 2573 1280 2626 cedere
1300 2574 1349 2626 hac
1367 2575 1429 2638 lege

231 2659 434 2711 iudicaverunt.
460 2659 657 2724 intellegendas
682 2659 754 2709 enim
782 2671 841 2710 esse
868 2657 1020 2709 clerncbias
1048 2661 1075 2708 et
1101 2661 1290 2724 possessiones
1317 2673 1425 2722 eornm,

231 2758 300 2808 quae
318 2747 380 2795 ante
398 2757 516 2808 pugnam
534 2744 568 2795 ad
586 2744 672 2808 Aegos
690 2743 791 2793 7777777
811 2744 985 2794 commissam
1004 2745 1031 2792 in
1050 2745 1185 2794 sociorum
1205 2748 1278 2795 terra
1298 2744 1425 2796 luissent.

231 2831 268 2880 Ac
286 2841 350 2881 sane
366 2829 519 2879 7777777777
535 2829 636 2878 Atticas
654 2829 681 2878 ln
700 2829 771 2892 agris
789 2829 926 2878 sociorum
944 2841 1015 2879 anno
1034 2833 1082 2878 777
1101 2843 1127 2880 7.
1147 2829 1212 2880 Chr.
1233 2829 1322 2880 nullas
1340 2828 1427 2881 luisse

230 2917 346 2966 constat.
373 2914 425 2965 Sed
443 2913 478 2964 de
495 2911 641 2964 clerucbiis
658 2925 729 2963 unus
742 2913 875 2963 Diodorus
893 2913 973 2974 dlcit;
996 2910 1144 2982 ἐγκτήματα
1156 2927 1221 2966 7777
1234 2914 1288 2965 alla
1307 2927 1356 2964 cur
1367 2919 1427 2964 tum

231 2998 313 3050 777777
337 2999 478 3062 negaverit
500 2997 642 3060 Sobaeler,
670 3009 724 3048 non
749 2999 895 3063 perspicio.
932 2997 1033 3050 Notum
1058 3003 1100 3049 cst
1120 3011 1255 3064 proxenos
1280 2995 1428 3068 7γκτήσεως

229 3083 368 3150 privilegio
387 3083 477 3134 omari
502 3082 596 3134 solitos
622 3095 693 3134 esse.
727 3083 826 3143 Quidni
845 3084 943 3148 igitur,
970 3096 1033 3134 cnm
1060 3085 1127 3135 satis
1151 3086 1257 3135 constet
1281 3083 1428 3136 nonnullas

229 3171 354 3224 civitates
372 3168 523 3218 maritimas
541 3171 602 3232 post
619 3167 778 3219 Antalcidae
797 3180 891 3233 pacem
909 3169 1057 3219 amicitiam
1075 3181 1139 3218 cum
1151 3167 1361 3220 Atheniensibus
1379 3182 1428 3219 re-

231 3266 349 3304 novasse
370 3255 406 3316 (7.
428 3257 470 3306 tt.
491 3255 574 3304 77777.
594 3253 665 3316 XIV,
687 3256 728 3303 77.
749 3251 876 3303 87777777
893 3252 928 3304 de
947 3265 1001 3304 soc.
1022 3266 1049 3318 p.
1072 3253 1107 3316 7),
1127 3252 1161 3303 77
1179 3253 1223 3304 777
1241 3253 1322 3304 etiam
1339 3253 1428 3305 Athe-

229 3337 370 3389 niensibus
388 3337 552 3402 quibusdam
571 3350 634 3389 eum
654 3337 785 3388 honorem
803 3337 936 3388 tributum
955 3333 1124 3388 statuamus?
1161 3337 1238 3388 Pacis
1262 3341 1337 3390 77777
1355 3351 1425 3390 con-

229 3423 383 3474 dicionibus
402 3423 430 3474 id
447 3421 535 3474 lacere
554 3436 607 3472 non
625 3423 798 3473 vetabantur.
892 3427 922 3470 to
943 3423 1003 3473 Fuit
1019 3424 1101 3488 igilur
1118 3423 1171 3473 iam
1191 3425 1253 3473 aute
1271 3423 1426 3476 Aristotelis

229 3508 316 3572 legem
336 3507 483 3559 concilium
501 3519 647 3558 commune
665 3507 817 3566 sociorum,
843 3506 870 3558 id
896 3507 969 3572 qnod
991 3511 1116 3559 accurate
1134 3509 1261 3558 convenit
1278 3521 1341 3558 cum
1360 3521 1428 3560 nar-

228 3595 331 3645 ratione
348 3593 459 3644 Dioderi
477 3593 536 3655 XV,
556 3597 597 3643 77.
620 3596 662 3642 77.
695 3591 783 3642 Etiam
801 3593 938 3642 aerarium
956 3604 1102 3644 commune
1122 3591 1205 3644 luisse
1225 3607 1257 3644 ex
1275 3607 1301 3644 7.
1317 3596 1348 3642 77
1367 3593 1428 3645 eol-

230 3679 336 3743 legeris.
411 3683 438 3726 tt
460 3677 572 3728 Dtodor.
591 3677 648 3740 XV,
670 3679 702 3726 77
720 3674 764 3726 καί
781 3674 861 3743 νόμον
881 3673 970 3729 ἔθεντο
989 3674 1087 3746 μηδένα
1104 3683 1155 3729 τῶν
1173 3673 1323 3746 Ἀθηναίων
1341 3693 1427 3748 γεωρ-

225 3767 280 3832 γεῖν
305 3761 377 3821 έκτδς
394 3765 440 3830 τῆς
457 3753 584 3830 Ἀττικῆς.
613 3759 654 3813 διο)
678 3759 706 3812 δὲ
728 3757 823 3829 ταύτης
846 3763 893 3829 τῆς
921 3759 1115 3831 φιλανθρωπίας
1142 3759 1348 3831 ἀνακτησάμενοι
1375 3762 1426 3833 τὴν

226 3846 295 3919 παρὰ
329 3851 384 3906 τοῖς
414 3837 540 3914 Ἕλλησιν
576 3843 674 3898 εὔνοιαν
712 3844 875 3918 ἰσχυροτέραν
913 3845 1066 3915 έποιήσαντο
1095 3846 1142 3914 τὴν
1173 3845 1238 3900 ittae
1273 3846 1424 3920 ἡγεμονίαν.

228 3937 258 3982 77
277 3935 393 3984 Litteras
415 3932 647 3984 ΜΘΝΟΙΑΓΟΔΟ
672 3945 735 3983 cum
761 3945 853 3982 errore
877 3933 1017 3983 omisisset
1039 3933 1170 3998 lapicida,
1203 3945 1285 3997 snpra
1311 3946 1425 3986 versum

226 4019 351 4070 inseruit.
460 4022 488 4067 77
509 4019 594 4082 Prope
618 4015 694 4069 στοὰν
714 4013 839 4084 βασίλειον
859 4017 937 4069 Paos.
957 4018 985 4079 l,
1009 4021 1039 4080 7,
1066 4021 1081 4066 7
1104 4018 1146 4078 (ci.
1166 4017 1197 4069 C.
1218 4019 1239 4068 1.
1260 4019 1312 4070 Att.
1333 4019 1367 4068 777
1385 4021 1424 4083 7).

226 4103 347 4154 Eandem
365 4105 510 4168 imaginem
529 4102 687 4166 intellegere
705 4101 814 4152 ridetur
832 4103 913 4152 lsocr.
936 4102 988 4165 1x,
1015 4106 1063 4167 77,
1087 4102 1135 4152 777
1154 4113 1219 4153 7777
1237 4103 1283 4152 τοῦ
1301 4095 1358 4159 Διὸς
1375 4105 1426 4155 τοῦ

226 4192 341 4257 σωτῆρος
359 4190 488 4254 scriplum
508 4193 556 4241 est.
597 4185 777 4238 (1777777777.
797 4187 881 4237 Melea
899 4187 909 4234 l
928 4199 954 4252 p.
978 4190 1018 4239 77.
1100 4191 1133 4236 77
1153 4187 1193 4238 cl.
1216 4191 1275 4248 777,
1298 4189 1327 4234 77
1346 4199 1421 4251 sqq.,

224 4273 272 4322 ubi
291 4273 318 4322 in
338 4272 464 4324 laudibus
482 4273 678 4337 inquilinorum
703 4270 818 4321 duorum
842 4271 940 4321 dicitur
965 4267 1121 4340 είςφέροντες
1142 4269 1188 4329 τὰς
1213 4267 1332 4340 εῑςροραίς
1354 4265 1426 4323 καθ’

225 4353 331 4408 ἕκαστον
348 4357 392 4408 τὸν
411 4355 524 4409 ένιαιιτδν
542 4357 586 4415 τὰς
605 4355 641 4414 είς
659 4354 691 4407 τὰ
709 4353 772 4406 δέκα
789 4353 910 4407 τάλαντα.
945 4355 1011 4407 Inde
1030 4363 1103 4408 recle
1121 4357 1232 4420 collegit
1251 4355 1341 4406 Hartcl
1360 4357 1427 4406 Slu-

225 4443 288 4493 dieu
313 4441 382 4494 iiber
405 4443 532 4493 attisches
551 4441 717 4493 staalsrecht
742 4440 798 4492 und
823 4441 1063 4492 Urhnndenwesen
1087 4456 1116 4507 p.
1138 4445 1201 4504 777,
1234 4441 1299 4491 7777
1325 4439 1425 4492 decem
