3110 5056
124 361 169 424 44]
251 361 284 411 44.
316 359 408 411 Aflne
426 359 491 411 belli
509 359 726 426 Peloponnesiaci
746 361 781 412 ad
799 358 941 410 Alexandri
959 359 1047 424 lingui
1067 361 1190 411 moriem.
1274 359 1318 421 97

369 562 594 648 ἐβασίλευον

360 655 450 748 Ἆγις,
480 663 678 738 Παυσανίαςῖ

368 765 500 852 ἔφοροι
520 757 616 851 ἦσαν

368 867 536 940 Θυιωνίδας

363 965 598 1055 Ἀριστογενίδας

364 1065 520 1157 ’Appianae

280 1203 284 1211 ·
367 1169 503 1257 Σολόγας

367 1275 501 1346 Φεδίλας

168 1391 199 1440 45
367 1379 403 1441 ἐν
427 1367 660 1464 Δήλωι[ἧρχ]

363 1479 427 1561 [ebt
452 1479 476 1542 A
485 1527 642 1543 ........

122 1616 280 1626 ———-.

121 1699 181 1750 Deli
201 1703 370 1766 propositum
390 1701 490 1762 tuisse,
511 1701 558 1752 sed
577 1702 612 1752 ad
629 1703 702 1767 ipsas
722 1700 860 1750 Deliorum
884 1713 926 1754 res
944 1704 1108 1766 pertinuisse
1127 1703 1159 1757 ll.
1179 1704 1241 1755 inde
1260 1705 1319 1757 ool-

121 1786 196 1850 legit,
216 1787 291 1850 quod
309 1799 334 1835 v.
359 1791 399 1837 44.
422 1791 453 1836 44
478 1787 579 1838 archon
598 1787 690 1839 uenus
716 1787 863 1850 inscriptus
885 1789 934 1838 est.
977 1787 1073 1852 Neque
1097 1789 1153 1838 veri
1173 1788 1318 1841 dissimilis

120 1875 163 1921 est
174 1869 299 1922 eiusdem
312 1873 480 1932 oonieotura,
501 1871 552 1922 hoe
565 1871 675 1922 decreto
689 1869 918 1922 Lacedaemonios
935 1872 1147 1924 Atheniensibus
1169 1875 1246 1926 vietis
1273 1873 1316 1938 (44.

120 1959 178 2007 444.
201 1959 223 2020 4)
252 1955 404 2007 reddidisse
428 1955 511 2007 Deliis
528 1957 587 2008 4444
604 1955 638 2006 sb
657 1955 710 2006 illis
730 1956 846 2009 ademta.
915 1961 924 2005 4
947 1957 1091 2023 Apollinis;
1113 1959 1225 2010 verbum
1245 1960 1319 2024 quod

120 2039 288 2106 significaret
305 2040 388 2092 Deliis
407 2040 569 2107 templorum
592 2043 619 2092 et
642 2042 821 2106 pecuniarum
838 2055 978 2094 seorarum
997 2043 1111 2095 tutelam
1131 2044 1222 2106 reddi,
1242 2045 1318 2096 initio

118 2127 212 2192 periit.
238 2125 270 2177 44.
351 2130 366 2175 A
386 2127 418 2177 444
436 2139 490 2178 444
508 2139 586 2190 reges
605 2126 713 2178 luerunt
730 2139 793 2177 oum
811 2139 834 2179 4.
857 2129 991 2178 til—tuo
1010 2143 1034 2179 4.
1056 2129 1136 2193 Chn,
1163 2131 1220 2180 tum
1239 2129 1273 2180 ab
1290 2144 1315 2182 4.

122 2214 174 2260 444
195 2222 249 2275 quo
269 2211 413 2261 Paumuies
436 2211 463 2261 in
482 2213 597 2276 patriam
621 2213 766 2262 revooutus
789 2224 875 2276 usque
897 2213 932 2264 ad
957 2215 1006 2264 444
1032 2227 1087 2278 quo
1105 2215 1167 2280 Agis
1191 2219 1317 2267 mortuus

118 2299 172 2346 est.
216 2297 297 2360 Atqui
314 2305 402 2359 usque
422 2295 456 2346 ed
480 2307 583 2346 annum
603 2299 651 2346 444
671 2309 694 2347 a.
717 2295 780 2347 Chr.
807 2297 970 2362 ephororum
995 2299 1164 2362 singulorum
1183 2301 1316 2365 cuiusque

118 2381 185 2430 suni
204 2381 314 2430 nomine
332 2383 424 2431 extent
443 2379 515 2446 apud
539 2379 749 2446 xenophontem
776 2381 845 2433 llell.
865 2382 902 2444 11,
923 2385 954 2444 4,
977 2387 1017 2432 44.
1040 2388 1069 2445 4,
1090 2387 1137 2446 tt,
1159 2386 1230 2436 inter
1247 2397 1317 2450 quos

118 2477 204 2516 nemo
221 2478 254 2516 ex
271 2464 314 2515 his
332 2465 454 2528 quinque
475 2465 509 2528 (v.
533 2469 609 2516 44-4
618 2467 639 2530 4)
659 2469 709 2518 444.
744 2467 854 2517 44444444
871 2467 935 2516 4444
956 2470 1091 2518 tos-sta
1110 2483 1133 2520 4.
1150 2469 1212 2520 Chr.
1238 2468 1316 2530 Quod

117 2553 142 2601 si
162 2562 225 2599 vera
245 2553 315 2610 suut,
337 2561 407 2613 quae
426 2549 577 2601 llomollius
594 2549 629 2601 de
647 2553 807 2615 argumento
826 2551 927 2602 decreti
946 2553 1052 2612 statuit,
1074 2565 1161 2604 annus
1181 2556 1230 2604 444
1248 2554 1315 2604 4444-

119 2637 185 2700 quis
203 2633 396 2701 praeterendus
414 2637 464 2686 est.

207 2919 249 2986 bl
273 2925 495 3004 Fragmentum
518 2927 681 2986 marmoris
705 2926 856 2988 Pentelici
880 2947 898 2988 4
920 2925 1024 2989 tribus
1048 2927 1193 3007 partibus
1216 2931 1314 2991 muti-

117 3027 197 3104 lum,
224 3027 389 3087 inventum
407 3027 440 3087 iu
456 3043 541 3088 aree.
580 3025 662 3088 Edd.
688 3026 838 3108 Raugabe
860 3026 934 3089 Α44.
960 3029 1040 3090 llell.
1067 3029 1140 3093 623.
1181 3031 1312 3094 Pittekis

115 3128 200 3207 Eph.
229 3127 323 3190 4974.
368 3127 416 3188 Ex
439 3145 496 3189 suo
518 3128 710 3209 Velsenique
734 3129 915 3210 apographo
937 3130 1072 3192 Koehler
1095 3131 1128 3194 C.
1148 3133 1171 3193 l.
1195 3131 1260 3195 Att.
1286 3135 1312 3195 ll

118 3232 151 3289 6.
200 3227 247 3292 ci.
273 3247 355 3308 quae
379 3228 418 3290 de
442 3228 531 3291 titulo
554 3232 701 3310 exposuit
725 3231 859 3293 Koehler
881 3231 1012 3294 llermae
1036 3233 1060 3293 V
1083 3253 1115 3314 p.
1145 3235 1155 3292 l
1184 3252 1232 3314 sq.

201 3438 661 3634 [Eoplpoptemiletolruv
707 3516 767 3581 καὶ
800 3512 1012 3603 Ἀθηναίων
1050 3521 1087 3594 ἐς
1123 3518 1198 3607 nolu
1237 3519 1310 3609 ἀεὶ]

201 3639 360 3703 χρονον·

112 3773 270 3782 μ..-

182 3857 288 3908 ’44444444
306 3861 432 3908 exaratus
451 3855 586 3930 στοιχηδὸν
606 3859 757 3911 litteratura
771 3861 861 3910 444444
879 3860 995 3924 volgari3
1016 3875 1148 3914 versuum
1167 3869 1220 3914 44
1240 3867 1308 3919 litte-

111 3956 160 3993 rae
178 3943 291 4007 reliquis
309 3941 401 4007 paullo
420 3944 546 3994 maiores.
588 3945 627 3994 Ad
653 3942 749 3996 foedus
773 3945 813 3997 Ol.
835 3949 877 4006 44,
898 3949 913 3994 4
933 3944 1016 4014 iltuit
1038 3961 1062 3997 a.
1083 3947 1155 4012 Chr.)
1174 3949 1208 4000 ab
1226 3951 1309 4003 Athe-

110 4025 254 4080 niensibus
273 4039 336 4078 oum
355 4025 490 4078 Thebanis
514 4029 599 4080 iotam
624 4030 704 4093 (Xan.
726 4029 794 4080 Heli.
815 4030 858 4093 444,
880 4035 905 4094 t,
927 4035 966 4081 tt.
994 4032 1055 4096 hys.
1075 4033 1147 4095 xvi,
1169 4035 1211 4097 44)
1237 4036 1306 4090 haee

109 4112 256 4165 referenda
273 4125 334 4164 esse
354 4112 447 4164 docuit
465 4113 589 4165 lloehter.
624 4114 784 4166 Boeotorum
804 4115 913 4166 uomiue
932 4115 1027 4168 ioedus
1045 4115 1083 4181 tit,
1105 4119 1168 4182 quia
1186 4121 1306 4186 reliquae

109 4199 237 4250 Boeotiae
264 4199 387 4250 civitates
417 4203 474 4250 tum
500 4199 551 4251 sub
568 4198 757 4251 thebanorum
776 4200 889 4263 imperio
914 4203 997 4264 erant,
1026 4202 1126 4266 quibus
1148 4203 1304 4260 Autaleidae

109 4296 177 4350 paee
196 4285 352 4334 autonomia
370 4284 476 4336 reddite
495 4287 542 4337 est.
569 4283 673 4336 liudem
694 4288 816 4349 tempore
835 4285 1012 4337 Athenienses
1031 4289 1112 4338 eiiam
1133 4302 1195 4340 oum
1213 4292 1306 4344 Locris

109 4370 235 4435 Opuntiie
254 4367 351 4419 ioedus
376 4369 512 4434 44444444,
533 4371 611 4422 44444
635 4372 700 4421 item
726 4369 833 4421 tabulae
857 4357 1036 4434 fragmentum
1057 4377 1143 4426 exstet
1161 4376 1188 4427 C.
1209 4378 1228 4427 1.
1250 4377 1303 4432 Att.

108 4457 130 4505 ll
153 4458 176 4503 7.
198 4453 227 4503 K.

164 4550 395 4604 Dittenberzen
410 4553 505 4606 sylloge.
1083 4567 1097 4612 7
