3110 5056
112 320 168 384 lsi]
272 320 316 370 lll.
347 317 388 368 Ab
405 316 547 369 Alexandri
565 317 652 381 ldagni
670 321 757 367 morte
775 315 809 368 ad
827 315 986 366 Corinthum
1004 315 1129 366 deletam.
1231 318 1289 380 241
1356 321 1360 330 '

116 405 266 416 ——-.

194 525 251 586 κοῒ)
278 519 366 586 ilion
395 519 448 584 καὶ
475 515 654 604 ἐπιγράψαι·
688 514 739 584 “0
771 521 885 606 δῆμος
907 517 923 583 ὃ
945 513 1106 602 [Ἰλιέων
1130 520 1294 605 βασιλέα

192 618 407 708 Ἀντέβοχον
427 621 619 707 βασιλέως
635 615 828 720 Σελεύκοιγ
848 617 1053 706 εὐσεβείας
1075 623 1209 688 ἕνεκεν
1230 628 1293 708 τῆς

196 728 248 798 εἰς
276 721 316 790 τὸ
348 719 461 810 ἱερὸ[ν
485 720 696 809 εὐεργέτην
725 722 789 788 κοιλ
820 725 993 810 σοιβτῆρα
1022 720 1202 810 γεγονότα
1230 729 1294 789 τοῦ

128 875 132 884 .
196 823 347 913 δήροο’.
373 821 575 912 ἀναγορεῦσαι
596 825 630 892 δέ
652 825 703 890 κοιλ
725 827 757 890 έν
778 827 837 910 [τῆι
857 821 1024 912 πανηγύρει
1038 830 1070 892 έν
1085 829 1147 910 τῶι]
1165 827 1169 909 Ι
1189 851 1294 912 γορνι-

196 937 254 996 νῶι
276 927 371 1016 ἀγῶνι
391 926 441 994 τὸν
463 926 655 1014 ἀγωνοθέτην
677 929 728 994 καλ
749 925 817 1001 τοὺς
840 919 1038 1015 σγτβατηγούς,
1064 923 1145 996 inu
1168 925 1293 1015 αύτὸνὴ

153 1028 306 1119 ιθπύλβλις
334 1031 386 1098 καὶ
409 1033 441 1096 αἱ
463 1031 565 1098 λοιπαλ
587 1028 689 1105 πόλεις
711 1033 958 1118 στεφσνβῖιλσινῖ6
987 1033 1077 1098 τῶιδε
1096 1034 1160 1116 [τῶι
1182 1031 1294 1119 στεφά-

197 1161 252 1200 νωι
273 1132 452 1222 εὐσεβοῦντα
473 1135 541 1222 περὶ
562 1132 616 1219 τὴν
635 1131 764 1219 Ἀθηνᾶν
785 1129 848 1218 τὴν]
866 1133 870 1218 λ
888 1129 1015 1214 Ἰλιάδα,
1040 1131 1093 1220 τήν
1118 1131 1294 1222 άναγγελέαν

196 1239 427 1322 ποιοογιένοος26
453 1233 513 1321 [διὰ
541 1242 595 1302 τοῦ
623 1233 751 1324 κήρυκος
780 1240 833 1321 τῆς
863 1236 972 1320 βουλῆς
1001 1234 1125 1303 καὶτοῦ
1147 1233 1292 1324 &apauli

197 1341 323 1406 ἑλέσθαι
351 1340 384 1406 δέ
414 1340 466 1404 καὶ
493 1336 677 1426 πρεσβευτάς
710 1340 745 1404 ἐκ
776 1335 901 1422 πάύτων
923 1335 1040 1416 Ἰλιέων
1073 1331 1181 1426 ἄνδρας
1203 1343 1291 1426 τρεῖς,

198 1442 311 1526 οἵτινες]
335 1441 340 1526 Ι
368 1437 575 1526 ἀσπασάμενοι
613 1438 701 1508 αύτὸν
738 1437 821 1528 παρὰ
857 1444 917 1524 dod
955 1437 1051 1526 δήμου
1091 1447 1207 1529 πρῶτον
1241 1443 1294 1528 μέν

197 1541 387 1610 κελεύσουσιν
414 1535 576 1630 ύβγιαένειν
605 1541 693 1610 αὐτόν
721 1569 754 1609 τε
781 1544 832 1609 καὶ
862 1541 914 1642 ft?
943 1540 1085 1631 [ἀδελφὴν
1119 1543 1209 1612 αύτοῖι
1239 1548 1295 1633 βα-

154 1649 336 1713 docticanae
373 1646 424 1712 καλ
457 1643 495 1712 τοὶ
527 1647 624 1729 τέκνα]
644 1645 653 1732 β
674 1647 725 1712 καὶ
756 1642 825 1720 τούς
853 1647 955 1733 φίλους
985 1646 1037 1712 καὶ
1058 1643 1111 1720 τὰς
1131 1645 1291 1733 [δονάρεις,

198 1749 302 1814 ἔπειτα
324 1745 353 1812 δ’
381 1745 599 1834 ἀπαγγελοῦσιν
623 1745 717 1814 αύτῶι
738 1747 792 1836 τὴν
814 1745 933 1834 τιλλρήν,
960 1747 1010 1814 καὶ
1036 1746 1295 1836 ἀπολογισάμβενοι

198 1845 255 1917 ὅσα
276 1847 347 1937 ἡμῖν
370 1847 500 1937 ὑπάρχει
520 1849 593 1938 πρὸς
616 1847 704 1918 αύτύν
726 1877 759 1916 τε
780 1847 895 1918 καὶτὸν
910 1838 1046 1938 παλβέρα
1062 1849 1152 1918 αὐτοῦ
1169 1855 1295 1938 βασιλέα

198 1955 352 2038 Σέλευκον
374 1991 600 2004 ----------
624 1955 848 2040 διαβιατέλεκεν
869 1957 1099 2041 παραναλοῦσβν
1121 1991 1227 2004 -----
1240 1958 1295 2038 l·-

197 2059 252 2139 -]v
275 2059 403 2144 σορβαιν

111 2299 141 2350 C.
162 2301 183 2350 l.
205 2299 236 2350 G.
257 2302 322 2350 ³598
341 2303 396 2350 ast:
416 2296 573 2368 ἀναγράψβαι
591 2297 666 2350 δὲτὸ
684 2297 803 2369 ψήφισμα
826 2297 883 2350 τάδε
900 2297 937 2356 εἰς
960 2296 1055 2366 στήλας
1072 2295 1125 2363 tto]
1140 2302 1185 2352 τοῦ
1202 2298 1295 2352 λιοιιοῦ

109 2381 196 2436 λίθου.
221 2385 251 2434 Β.
316 2387 347 2433 it
366 2387 394 2434 ln
408 2385 581 2436 restituendis
592 2383 715 2436 versibus
727 2388 826 2436 tta—ti
839 2385 1008 2448 aliquantum
1019 2387 1119 2436 recessi
1132 2399 1148 2436 a
1160 2385 1295 2438 Bocchhio

111 2471 160 2534 qui
179 2471 220 2520 sic
237 2470 304 2520 haec
322 2471 400 2534 legit:
427 2469 485 2522 ὅταν
508 2455 578 2539 ἥ“τε
599 2468 749 2536 collimitat
768 2469 795 2522 at
812 2467 898 2522 λοιπαὶ
914 2468 1000 2526 πόλεις
1019 2477 1186 2539 στεφανῶσιν,
1211 2470 1249 2540 cdi
1267 2469 1295 2522 ni

114 2552 215 2622 βασιλεῖ
236 2554 306 2624 παρὰ
322 2555 369 2624 τὴν
388 2552 500 2626 Ἀθηνᾶν
518 2557 572 2626 τὴν]
587 2553 591 2624 Ι
606 2552 702 2608 Ἰλιάδα
718 2555 766 2624 τὴν
784 2552 932 2626 ἀναγγελλαν
955 2553 1122 2622 ποιουμένους
1137 2552 1296 2620 [ἐπεύξασθαι

112 2637 200 2692 πολλὰ
216 2639 260 2692 καὶ
276 2639 375 2710 dandal.
406 2643 596 2708 supplementa
614 2657 674 2693 mea
692 2643 816 2694 sollemni
836 2642 928 2692 talium
946 2643 1118 2694 decretorum
1136 2643 1198 2694 usui
1211 2645 1296 2708 magis

111 2729 279 2792 respondere
298 2729 342 2777 vix
365 2730 513 2791 negaveris.
592 2733 623 2780 it
643 2725 869 2791 ΣΤΕΦΑΝΩΣΙΝ.
890 2727 1048 2780 Emendavi.
1136 2732 1168 2778 se
1191 2729 1233 2780 Sc.
1252 2729 1296 2780 τὸν

112 2809 281 2880 ἀγωνοθέτην
299 2811 418 2870 καὶτοὺς
437 2811 600 2883 στρατηγούς.
812 2845 823 2876 .

113 2985 270 2994 ...---.-

155 3135 158 3142 ’
204 3115 269 3183 157
292 3121 423 3184 Marmor
444 3123 608 3184 inventum
630 3123 690 3185 llil.
742 3120 823 3185 Edd.
856 3121 967 3186 Clarke
990 3124 1061 3186 ltin.
1087 3125 1121 3184 T.
1147 3125 1184 3185 ll.
1210 3125 1243 3187 P.
1268 3125 1292 3185 l.

110 3243 146 3304 p.
167 3225 240 3287 loa.
273 3225 359 3286 Huni
381 3225 414 3285 in
433 3225 568 3306 Walpol.
592 3229 683 3289 hiem.
707 3243 738 3306 p.
760 3225 832 3286 ⁴03.
868 3223 983 3306 (Osann
1006 3226 1130 3306 Sylloge
1153 3247 1184 3307 p.
1204 3227 1292 3304 207).

110 3329 160 3389 Ex
184 3327 233 3388 his
256 3336 299 3400 en
309 3325 436 3389 schedis
460 3329 671 3390 Koehlerianis
693 3327 813 3389 Boeckh
837 3327 870 3387 C.
897 3327 921 3388 l.
946 3327 982 3389 G.
1007 3328 1101 3390 3596.

198 3508 322 3598 Ἐπειδὴ
344 3507 361 3577 ‘o
386 3508 525 3601 βασιλεύς
545 3509 713 3602 Ἀντίοχος1
740 3513 948 3598 ἐττέσλταλιιεν2
972 3504 1019 3578 0o'rt
1040 3513 1222 3599 τραυματίας
1244 3539 1295 3600 γε·

111 3671 270 3680 ..φ-’.-

186 3759 196 3804 l
219 3755 379 3806 Antiochum
392 3755 534 3806 Hieracem
546 3755 677 3806 intellexit
689 3755 786 3816 Osann,
801 3755 961 3806 Antiochum
975 3756 1010 3805 lll
1032 3755 1175 3818 (Magnum)
1189 3755 1293 3820 Glarlra,

108 3840 247 3906 Walpole,
267 3841 383 3891 Boeclrh.
420 3841 470 3902 Qui
494 3855 557 3893 cum
583 3843 655 3892 recte
673 3842 809 3905 negasset,
832 3855 858 3892 ν.
880 3846 910 3892 tt
930 3841 1073 3892 Seleucum
1091 3840 1250 3891 callinicum
1269 3846 1295 3892 et

108 3926 279 3978 Antiochum
297 3925 437 3978 Hieracem
455 3927 550 3979 iratres
572 3928 691 3992 intellegi
710 3930 918 3992 posscpropter
933 3930 1136 3993 praeposterum
1155 3927 1295 3976 nominum

107 4011 249 4072 ordinem,
269 4013 327 4076 ipse
344 4025 377 4062 eo
394 4013 529 4078 tempore,
552 4027 606 4078 qao
623 4013 770 4064 Antiochus
787 4013 899 4077 Magnus
916 4013 1114 4064 Chersonesum
1138 4015 1297 4076 occupasset

108 4105 140 4149 et
158 4097 360 4163 Lysimachiam
379 4099 550 4157 restituisset,
571 4099 643 4150 hunc
661 4097 771 4150 titulum
788 4099 902 4150 incisum
920 4099 1044 4150 coniecit.
1070 4097 1136 4148 Tum
1155 4098 1227 4148 anim
1240 4097 1295 4148 An-

108 4184 239 4236 tiochum
262 4195 326 4234 cum
349 4187 425 4248 parte
448 4187 583 4236 exercitus
605 4185 638 4236 ad
662 4184 879 4250 depopulandam
897 4183 1037 4234 Thraciam
1059 4181 1211 4247 proiectum
1235 4195 1295 4234 esse

110 4269 222 4334 (Polyb.
240 4269 335 4330 XVlll,
356 4274 398 4332 5⁴,
420 4275 444 4320 7.
470 4270 670 4328 civ.xxx111.
691 4273 732 4331 88,
755 4273 784 4318 to
804 4283 862 4335 sqq.
883 4270 995 4335 Appian.
1015 4270 1074 4332 Syr.
1095 4270 1131 4331 t).
1162 4269 1196 4318 At
1208 4281 1295 4332 neque

107 4357 138 4406 in
158 4357 220 4408 acie
239 4357 322 4420 signis
340 4355 444 4406 collatis
462 4359 610 4420 pugnatum
628 4367 704 4418 esee,
729 4368 784 4420 quo
802 4356 896 4420 utique
919 4354 1060 4406 referenda
1084 4358 1146 4405 eunt
1168 4353 1249 4404 rerba
1268 4351 1295 4404 έν

104 4441 143 4516 τῇ
163 4439 250 4512 μάχῃ,
270 4453 303 4492 ex
319 4441 386 4492 Livii
404 4443 554 4493 narratione
573 4441 719 4494 verisimile
738 4445 792 4502 eat,
813 4455 900 4507 neque
918 4441 1062 4493 Seleucum
1079 4441 1154 4505 patre
1172 4439 1233 4491 vivo
1251 4451 1296 4488 re-

164 4523 396 4594 Dittanharger,
411 4541 506 4596 sylloge.
1059 4546 1090 4591 46
