3110 5056
249 341 307 402 198
754 339 816 386 Pars
834 337 915 402 prior.
1373 337 1435 400 [tus

284 429 307 434 -..
320 425 543 432 ...—.-.——
553 424 568 430 -
576 423 678 430 --—.-.
715 425 841 432 .—-..—.-
852 425 930 431 -..—...
947 425 1028 431 ——-.
1037 425 1175 430 --...—......-
1224 425 1266 431 -
1278 425 1437 432 —.--.

329 536 473 628 [Γνώμη
489 545 560 606 τῶν
582 542 789 628 συνέδρωίν
804 544 830 585 ¹·
857 537 961 627 ἐπειδὴ
978 535 1152 614 Μαλοόσιος
1168 539 1313 628 Βακχίοίυ
1330 543 1334 626 Ι
1354 540 1438 628 ίάρ-

331 641 441 732 γαρεθς
470 639 547 731 ἀνὴρ
577 640 698 731 ἀγίαθὸς
728 637 770 708 ὢν
800 645 930 710 διατελεῖ
956 644 1024 731 περί
1053 641 1086 708 τὸ
1111 640 1190 731 ἱερὸν
1212 648 1265 730 τῆς
1285 640 1437 730 Ἀθί[ηνάς

331 755 384 834 τῆς
403 742 544 832 Ἰλιάδος]
565 745 617 812 καί
638 747 706 834 περί
728 745 781 821 τὰς
802 742 915 828 πόλεις,
940 747 992 813 καί
1013 743 1157 834 πρότερόν
1179 771 1212 812 τε
1233 743 1331 812 πολλὰ
1352 747 1438 834 χρή-

330 853 433 938 [σιίμος
457 851 597 937 ἐγένετσῖ
616 851 677 934 τῶι]
698 851 855 937 συνεδρίωι
877 849 929 916 καί
950 852 1016 926 ταῖς
1037 847 1169 934 πόλεσιν,
1199 848 1241 924 εἷς
1263 873 1296 915 τε
1317 846 1355 916 τὰ
1376 875 1438 915 κα-

304 949 581 1040 5τασκευάσμαίί[τα
602 956 656 1019 τοῦ
679 955 760 1041 ίεροῦ
783 951 834 1020 καί
854 955 914 1040 reik
935 951 1131 1042 πανηγύρεως
1154 950 1204 1019 καί
1227 955 1270 1027 είς
1291 948 1344 1028 τὰς
1359 978 1438 1040 πρε-

333 1060 437 1146 σβείας
465 1052 518 1131 τάς
541 1052 815 1144 ἀποοτελίλσίμένας
844 1058 896 1123 καί
919 1052 1000 1144 ὑπὲρ]
1020 1061 1076 1122 τῶν
1099 1049 1199 1123 ἀλλων
1226 1062 1286 1122 τῶν
1317 1081 1438 1144 συμφε-

333 1159 444 1250 ρόντων
465 1165 516 1247 τῖμ
536 1155 702 1248 πανηγόρει
722 1157 871 1249 χρήματία
889 1161 893 1246 l
909 1159 1022 1226 έδωκεν
1045 1152 1162 1243 ἀτολκα,
1188 1159 1239 1225 καί
1261 1155 1314 1246 τήν
1337 1153 1438 1245 ἀλλην

331 1263 501 1353 προθυμίαν
531 1265 570 1350 ἐμ
597 1267 687 1328 πᾶσιν
716 1266 778 1338 τοῖς
807 1265 925 1351 καιροῖς
952 1260 1179 1352 παρεχόμεΙίνος
1206 1260 1288 1348 μετὰ]
1319 1265 1440 1350 πολλῆς

334 1365 463 1452 εόνοίας,
489 1364 540 1433 καί
561 1371 612 1433 νδν
635 1364 678 1441 εἴς
699 1391 732 1433 τε
753 1364 807 1452 τήν
828 1366 988 1456 πρεσβείαν
1009 1363 1062 1454 τήν
1086 1361 1207 1453 ὕστερον
1230 1362 1439 1452 ἀποσΗτελλο-

336 1471 432 1557 μέθην
454 1466 527 1559 πρὸς
545 1467 707 1558 Ἀντίγονον
734 1471 845 1537 ἔδωκεν
874 1475 1003 1559 χρυσοῦς
1025 1470 1213 1560 τριακοσίους
1237 1466 1361 1543 ἀτόκους
1382 1471 1439 1535 καὶ

295 1591 325 1641 to
338 1575 380 1648 είς
394 1573 404 1660 ll
418 1571 478 1660 [τήν
500 1576 560 1658 clod
583 1569 711 1661 θεάτρου
733 1569 939 1661 κατασσκευήν
965 1571 1108 1662 χρήματα
1130 1574 1256 1660 κομίσας
1278 1575 1321 1647 είς
1334 1566 1438 1639 Ἴλιον

333 1678 445 1744 ἔδωκεν
466 1679 528 1752 τοῖς
550 1675 753 1764 idolocultore,
778 1668 849 1744 όσον
872 1677 975 1762 ἔδεον,
1007 1683 1135 1766 χρυσοῦς
1157 1677 1272 1765 χιλίους
1292 1701 1440 1764 τετρακο-

334 1783 416 1856 σίους
436 1775 618 1867 πεντήκοντα
635 1781 639 1865 Ι
657 1776 799 1855 ἀτόκους·
824 1778 927 1868 ἐπειδὴ
950 1778 1124 1856 Μαλοόσιος
1147 1783 1278 1848 διατελεῖ
1297 1776 1439 1868 πράττων

334 1885 386 1951 καί
407 1885 503 1971 λέγων
524 1880 796 1972 (ἀλιτροιραίσίστως3
817 1887 856 1972 ἐμ
876 1888 951 1952 πᾶσι
972 1885 1033 1960 τοῖς
1054 1886 1170 1971 καιροῖς
1192 1880 1230 1950 τά
1245 1887 1440 1972 συμφέροντα

334 1994 383 2076 τῆι
404 1989 479 2054 θεῶι
499 1986 552 2053 καί
573 1989 638 2063 ταῖς
658 1983 773 2070 πόλεσι,
797 1987 802 2076 Ι
822 1984 937 2075 ἀγαθῆι
958 1984 1065 2078 τόχηι,
1097 1985 1244 2077 δεδόχθαι
1265 1991 1326 2063 τοῖς
1348 1989 1440 2054 συνέ-

294 2096 425 2180 λῡδροις,
452 2091 609 2158 ἐπαινέσαι
631 2089 805 2158 Μαλοόσιον
820 2091 830 2180 ll
843 2090 995 2181 [Βίακχίου
1019 2092 1179 2180 Γαργαρέα
1201 2092 1252 2158 καί
1275 2097 1437 2180 στεφανῶ-

334 2221 387 2261 σαι
409 2191 497 2262 αότδν
520 2197 552 2261 έν
573 2200 630 2261 τῶι
650 2199 794 2282 γυμνικῶι
815 2191 908 2282 ἀγῶνι
924 2195 928 2282 Ι
943 2201 1062 2284 ’χρυσῶι
1083 2192 1233 2284 περόναι
1255 2191 1314 2262 ἀπὸ
1336 2200 1439 2284 δραχ-

335 2305 399 2386 μῶν
421 2300 528 2386 χιλίων
551 2295 660 2387 ἀρετῆς
682 2299 781 2364 ἕνεκεν
796 2304 849 2385 τῆς
863 2298 950 2388 πρίός]
967 2300 970 2386 ί
987 2295 1020 2366 τό
1038 2295 1116 2388 ἱερὸν
1133 2299 1185 2366 καί
1201 2295 1254 2386 τὴν
1268 2295 1439 2387 πανήγυριν

335 2403 386 2469 καί
407 2399 441 2469 τὸ
462 2397 559 2469 κοινὸν
582 2409 640 2468 τῶν
655 2397 783 2483 πόλεων,
810 2398 955 2469 δεδόσθαι
970 2402 1003 2468 δὲ
1020 2404 1024 2488 ί
1042 2399 1137 2470 αότῶι
1157 2403 1210 2490 μὲν
1225 2401 1279 2490 τὴν
1296 2399 1439 2470 ἀτέλειαν

333 2501 472 2596 καθάπερ
506 2507 636 2590 δέδοται,
673 2503 819 2572 δεδόσθαι
851 2505 886 2572 δέ
917 2504 970 2573 καί
1001 2507 1062 2581 τοῖς
1095 2505 1237 2594 έκίγόνοις
1267 2502 1358 2573 αιἰτοῦ
1380 2505 1439 2593 τήν

292 2627 324 2678 20
334 2605 482 2694 ἀτέλειαν,
515 2601 560 2677 ότι
582 2605 618 2677 ἀν
639 2613 779 2675 πωλῶσιν
808 2603 828 2697 ἢ
858 2605 1059 2698 ἀγοράσωσιν.
1082 2606 1115 2676 τὸ
1139 2610 1172 2676 δὲ
1195 2607 1346 2699 ψόίίιρισμα
1366 2607 1440 2676 τόδε

335 2711 565 2801 ἀναγράψαντας
587 2715 629 2788 εἰς
653 2709 765 2800 στήλην
788 2713 888 2780 θεῖναι
909 2715 952 2788 είς
974 2710 1006 2779 τὸ
1024 2711 1101 2802 ἱερὸν
1116 2719 1169 2800 τῆς
1186 2711 1342 2800 λ’λθηνάς,
1369 2717 1440 2780 ἐπι-

336 2818 506 2904 μεληθῆναι
534 2816 569 2884 δέ
589 2815 658 2893 τοθς
680 2817 857 2906 Γαργαρεῖς,
883 2809 965 2891 όπως
995 2811 1030 2883 ἀν
1061 2819 1180 2883 εἰδῶσιν
1212 2810 1353 2903 άπσίντες]
1369 2817 1373 2902 1
1389 2811 1441 2883 ότι

335 2921 490 2987 ἐπίσταται
517 2917 551 2987 τὸ
578 2917 677 2989 κοινὸν
707 2927 765 2988 τῶν
795 2915 912 2988 πόλεων
940 2921 1002 2995 τοῖς
1030 2911 1113 2988 οὖσιν
1144 2917 1270 3008 ἀγαθοῖς
1293 2917 1439 3008 ἀνδράσιν

337 3024 380 3097 είς
404 3022 408 3108 ί
432 3018 539 3098 αὖτοὺς
574 3020 664 3114 χάριν
698 3021 885 3092 ἀποδιδόναι.
943 3019 1075 3111 Γνιόμη
1109 3029 1182 3089 τῶν
1218 3026 1436 3110 συνέδρων·

336 3125 440 3212 ἐπειδὴ
457 3123 647 3214 Μαλοόσιίος]
662 3129 666 3214 Ι
683 3124 923 3196 ἀποστελλόντων
944 3129 1034 3214 (crient)⁴
1057 3129 1207 3216 συνέδρων
1229 3129 1371 3215 πρέσβεις
1393 3129 1440 3202 εἰς
1550 3155 1551 3205 3

462 3289 556 3296 -.-.....

319 3372 434 3422 Litterae
453 3373 585 3438 volgares.
622 3373 746 3424 Continet
772 3373 839 3439 lapis
862 3373 1001 3438 complura
1025 3373 1134 3425 decreta
1153 3372 1269 3424 loedoria
1286 3372 1438 3423 civitatium

248 3458 359 3510 l'roadis
376 3461 405 3510 et
422 3459 597 3526 Hellesponti,
617 3460 697 3512 cuius
714 3462 795 3524 ceput
806 3461 865 3510 orat
882 3460 962 3510 ilium
981 3473 1080 3510 novum
1099 3473 1162 3514 cum
1181 3457 1243 3510 luno
1261 3461 1289 3509 ct
1306 3459 1439 3524 panagpri
1549 3509 1550 3538 γ

251 3545 386 3596 Minervae
404 3545 504 3598 iliadis.
540 3546 616 3608 Quod
635 3545 730 3598 toadue
748 3545 924 3613 probabiliter
942 3545 972 3596 D.
993 3547 1108 3596 coniecit
1126 3558 1179 3595 nou
1197 3545 1335 3610 antiquius
1353 3544 1439 3596 luisse
1549 3541 1550 3555 ¹

249 3633 337 3683 aetate
355 3631 514 3696 Alexandri,
534 3634 580 3698 qui
599 3633 736 3685 iliensium
754 3633 893 3684 civitatem
919 3634 990 3696 [nam
1010 3629 1103 3682 civitas
1120 3645 1186 3682 sana
1205 3631 1259 3682 iam
1277 3632 1355 3682 antae
1375 3629 1437 3692 tuit,

250 3717 284 3770 cl.
305 3717 359 3783 8⁴¹)
378 3721 482 3784 magula
500 3717 638 3770 beneflciis
662 3717 799 3771 affecerat.
837 3719 877 3770 dd
902 3718 976 3770 idom
998 3715 1094 3770 loedus
1117 3717 1185 3768 e.1.
1209 3719 1241 3768 G.
1267 3719 1342 3766 tuti.
1368 3719 1437 3768 scot

250 3807 382 3872 spectaro.
420 3807 532 3856 Decreta
550 3805 639 3871 priora
658 3804 748 3871 paullo
766 3808 828 3856 anto
845 3818 945 3855 annum
965 3807 1015 3853 etit
1032 3815 1056 3858 ε.
1077 3804 1156 3868 Chr,
1177 3805 1326 3871 posteriora
1344 3803 1440 3867 paullo
1548 3863 1549 3868 χ

251 3895 312 3958 post
336 3891 453 3944 eundem
478 3890 547 3944 taota
573 3891 605 3943 ll.
625 3891 688 3942 inde
706 3891 826 3955 collegit,
851 3891 924 3956 quod
942 3903 968 3941 ν.
990 3893 1004 3939 t
1030 3890 1189 3957 simpliciter
1212 3887 1275 3959 πρδς
1291 3884 1439 3959 Ἀντίγονον

251 3980 301 4041 cst,
321 3989 385 4029 cum
403 3990 429 4030 ν.
450 3979 481 4028 at
500 3975 642 4030 manifesto
660 3978 695 4030 de
713 3975 809 4028 eodem
827 3977 958 4043 Antigono
976 3973 1013 4036 είς
1030 3976 1074 4030 τὸν
1092 3974 1197 4046 βασιλέα
1214 3977 1329 4029 dicatur.
1355 3977 1440 4028 Prac-

254 4066 295 4115 tar
312 4063 424 4116 llieoaes
441 4077 474 4114 ax
490 4065 573 4116 sociis
591 4063 743 4116 civilatibus
761 4064 887 4115 novimus
905 4065 1088 4130 Gargaraosas
1111 4066 1145 4128 (v.
1167 4067 1210 4115 it.
1230 4066 1271 4126 sol
1292 4065 1319 4114 ct
1338 4063 1439 4128 lamp-

250 4149 489 4213 acceperimus).
515 4151 545 4201 D.
636 4155 645 4200 t
668 4145 782 4218 σύνεδροι
800 4149 882 4202 huius
899 4149 1015 4204 loedoria
1033 4151 1114 4201 etiam
1132 4151 1161 4203 (l.
1182 4150 1201 4200 l.
1224 4151 1254 4203 G.
1275 4153 1338 4200 toul
1361 4153 1437 4201 sunt.

251 4235 284 4286 D.
357 4235 525 4302 isupplevl.
551 4233 681 4308 χρήσιίμιι
698 4233 869 4306 παρεσκευασε
888 4237 920 4289 Η.
945 4237 984 4288 (ll.
1005 4250 1031 4288 n.
1049 4240 1106 4298 ⁴85,
1123 4239 1154 4286 tt
1167 4249 1229 4302 sqq.
1301 4241 1315 4286 t
1334 4235 1440 4286 limen-

251 4319 323 4372 davl.
349 4317 586 4388 modulatam}
603 4321 681 4389 lapis,
701 4322 776 4388 quod
794 4323 924 4374 intactum
942 4323 1111 4388 reliquerunt
1129 4322 1161 4374 ll.
1182 4325 1210 4373 et
1227 4323 1259 4376 ll.
1332 4324 1345 4371 t
1364 4321 1439 4372 Arti-

251 4405 344 4458 culum
361 4407 501 4460 manilasto
519 4410 628 4475 propter
645 4409 829 4461 antecedentis
847 4410 982 4476 participii
1003 4407 1221 4460 terminationem
1240 4421 1332 4460 erroro
1351 4409 1439 4459 ornis-
1546 4393 1547 4410 ³

251 4505 312 4544 sum
330 4493 463 4560 supplevi.
