3138 5050
411 315 430 366 l.
463 313 551 378 Usque
569 314 603 364 ad
622 313 703 365 flnem
722 313 786 364 belli
805 314 1035 380 Peloponnesiaci.

335 511 504 582 Μεσσάνιοι
525 514 575 582 καί
598 513 802 584 Ναυπάκτιοιί
827 515 954 584 &vetavi
975 519 1022 584 Διί

330 619 496 708 Ὀλυμπίωι
517 617 644 686 δεκάταν
667 617 725 686 ἀπὸ
747 627 810 708 τιῖηι
830 622 1003 708 indeptos.

337 772 483 850 Παιώνιος
505 776 624 862 ἐποίησε
647 774 817 850 Μενδαῖος4

335 877 386 945 καί
406 875 616 967 τοίκρωιή’ρια5
637 885 728 945 ποιῶν
751 879 799 944 ἐπί
820 877 870 945 τὸν
892 875 964 945 ναὸν
986 878 1081 948 ἐνίκα.

196 1109 359 1160 Litteratura
372 1109 453 1158 tatius
466 1107 536 1156 tituli
554 1107 646 1157 ionica
664 1106 790 1170 volgaris,
810 1106 944 1158 disiectus
963 1120 989 1159 v.
1011 1111 1035 1157 4.
1055 1110 1071 1156 8
1090 1107 1193 1170 Dorica,
1217 1121 1241 1158 ν.
1260 1111 1284 1156 8.
1300 1110 1313 1156 4

126 1196 214 1246 Attica
233 1197 284 1246 est.
368 1199 378 1243 4
400 1192 540 1244 Messeniis
559 1205 593 1243 ex
610 1193 696 1258 patria
713 1191 833 1258 expulsis
850 1193 1021 1258 Naupactum
1039 1206 1110 1243 auno
1124 1189 1198 1260 466ί6
1211 1207 1234 1244 a.
1251 1192 1315 1244 Chr.

127 1281 299 1332 domicilium
317 1279 352 1330 ab
370 1277 578 1331 Atheniensibus
596 1277 686 1328 datam
704 1290 764 1328 esse
784 1279 878 1328 uotum
897 1282 946 1330 est.
983 1279 1017 1329 At
1034 1279 1079 1330 hie
1097 1279 1191 1330 titulus
1209 1280 1316 1332 veteres

126 1367 232 1418 incolas
255 1379 309 1418 nou
334 1365 459 1431 expulsas
478 1378 553 1426 esse,
579 1364 628 1414 sed
649 1377 702 1414 una
721 1377 784 1414 cum
809 1364 911 1415 colonis
935 1365 1076 1416 Messeniis
1099 1367 1129 1415 ut
1151 1367 1228 1415 antea
1253 1377 1315 1414 eum

127 1455 277 1505 Locrorum
290 1453 469 1518 Opuntiorum
481 1447 593 1508 ἐποίκοις
609 1451 660 1513 (W.
671 1449 784 1500 Vischer
796 1449 888 1500 llleiue
901 1449 1035 1500 Schriften
1054 1451 1077 1500 ll
1095 1465 1123 1515 p.
1139 1451 1197 1514 478)
1218 1450 1315 1501 urbem

128 1539 251 1590 tenuisse
269 1539 447 1590 demonstrat.
466 1538 495 1589 C.
568 1541 582 1586 8
602 1537 679 1588 Paus.
701 1537 733 1600 V,
754 1539 796 1597 86,
818 1541 847 1585 t:
867 1529 1018 1604 Μεσσηνίων
1039 1534 1069 1588 δέ
1085 1543 1136 1588 τῶν
1156 1531 1274 1606 Δωριέων
1292 1535 1317 1586 ol

130 1619 289 1678 Ναύπακτόν
307 1639 369 1676 ποτε
386 1621 456 1690 παρὰ
473 1617 617 1690 Ἀθηναίων
634 1619 756 1690 λαβόντες
774 1619 877 1691 ἄγαλμα
901 1621 927 1675 έν
943 1613 1073 1690 Ὀλυμπίᾳ
1096 1617 1180 1690 Νίκης
1206 1619 1247 1672 tel
1270 1619 1317 1691 [τῷ]

127 1708 194 1763 κίονι
211 1707 349 1762 ἀνέθεσαν.
369 1705 444 1760 τοῦτό
462 1705 528 1760 ἐστιν
546 1706 619 1778 ἔργον
639 1706 685 1776 μέν
703 1702 832 1761 Μενδαίου
845 1703 982 1772 Παιωνίου,
1003 1705 1139 1776 πεποίηται
1156 1707 1184 1760 δὲ
1202 1705 1252 1760 ἀπὸ
1270 1705 1317 1759 ἀν-

129 1796 196 1868 δρῶν
215 1793 361 1864 πολεμίων,
387 1790 429 1844 διε
447 1789 585 1862 Ἀκαρνᾶσι
600 1791 644 1845 καί
662 1790 790 1850 Οἰνιάδαις
820 1789 886 1860 (ἐμοὶ
903 1792 997 1857 δοκεῖν)
1025 1791 1187 1862 ἐπολέμησαν
1215 1794 1317 1859 (paucis

128 1885 192 1948 post
210 1885 259 1932 466
279 1896 302 1935 a.
324 1882 387 1933 Chr.
407 1882 497 1940 aunis,
524 1880 558 1932 ci.
580 1881 657 1931 Paus.
677 1879 724 1942 iv,
750 1883 790 1930 86.
811 1879 933 1944 Urlichs).
977 1873 1117 1948 Μεσσήνιοι
1135 1878 1164 1931 δὲ
1182 1877 1254 1930 αὐτοί
1272 1876 1317 1931 λέ-

128 1984 203 2040 γουσι
225 1967 254 2019 nd
279 1963 403 2035 ἀνάθημά
419 1981 501 2036 σφισιν
519 1963 570 2018 ἀπὸ
586 1967 632 2016 τοῦ
651 1963 725 2036 έρηου
742 1968 787 2016 τοῦ
806 1963 832 2018 έν
849 1981 881 2038 τη
900 1961 1053 2036 Σφακτηρίᾳ
1069 1964 1140 2036 νήσῳ
1160 1962 1224 2034 μετὰ
1235 1960 1316 2034 Ἀθη-

128 2052 219 2115 ναίων,
239 2051 283 2104 καί
294 2050 342 2104 οὐκ
354 2050 491 2122 έπιηρέψαι
501 2051 530 2103 τὸ
548 2048 630 2120 ὄνομα
641 2057 692 2102 τῶν
710 2047 840 2119 πολεμίων
859 2053 923 2120 σφᾶς
934 2049 1028 2121 σι’ραίπδ
1041 2045 1251 2119 Λακεδαιμονίων
1264 2047 1318 2104 δεί-

130 2157 200 2208 ματι,
222 2136 272 2190 ἀπὸ
291 2133 414 2192 Οἰνιαδῶν
434 2137 461 2190 δέ
478 2135 523 2190 καί
539 2134 703 2206 Ἀκαρνάνων
721 2133 811 2188 οὐδένα
829 2133 896 2206 ἔχειν
916 2135 1004 2206 φόβον.
1047 2137 1196 2204 Uirumque
1214 2150 1317 2188 meram

127 2227 317 2277 coniecturam
336 2238 395 2276 esse
414 2238 502 2290 aeque
520 2225 668 2275 Pausaniae
686 2221 814 2287 aequales
837 2221 946 2274 aliunde
964 2237 1046 2289 quam
1059 2237 1092 2274 ex
1110 2226 1162 2275 hoc
1180 2225 1239 2291 ipso
1257 2237 1318 2274 mo·

127 2314 263 2362 numento
281 2313 426 2376 quicquam
444 2311 478 2362 de
496 2311 640 2362 occasione
658 2322 712 2374 qua
730 2308 885 2360 dedicatum
904 2311 977 2359 esset
1000 2313 1172 2376 compertum
1190 2309 1317 2361 habuisse

128 2397 214 2448 serbe
232 2399 290 2463 ipsa
308 2398 438 2464 produnt.
473 2397 553 2461 Atqui
574 2397 720 2447 Pausaniae
744 2393 856 2459 quidem
874 2396 1030 2446 coniectura
1053 2399 1166 2462 propter
1188 2399 1317 2463 temporis

127 2485 249 2535 rationes
267 2483 404 2534 reicienda
415 2485 472 2545 est,
496 2483 561 2548 quia
579 2485 641 2548 post
659 2481 788 2547 templum
807 2479 957 2554 perlectum
976 2481 1087 2532 demum
1105 2483 1221 2534 Victoria
1239 2482 1317 2534 dedi-

127 2571 193 2622 cata
210 2571 251 2620 est
276 2569 319 2633 (ci.
340 2572 394 2620 uot.
416 2569 451 2632 5).
494 2569 690 2620 Messeniorum
711 2570 802 2618 autem
826 2567 917 2632 opinio
940 2571 1099 2631 argumento
1123 2569 1197 2634 quod
1221 2571 1262 2620 est
1284 2567 1318 2618 de

128 2657 230 2706 timore
249 2655 357 2716 nititur,
382 2654 456 2720 quod
473 2653 574 2706 nullius
598 2653 728 2704 momenti
752 2655 794 2704 ast
820 2651 860 2716 (oi.
882 2653 938 2704 not.
959 2654 994 2716 8).
1037 2653 1133 2720 Neque
1155 2654 1212 2705 ullo
1237 2654 1318 2705 modo

126 2741 262 2792 credibile
280 2743 330 2805 ast,
350 2740 513 2807 Naupactios
531 2753 595 2792 curu
613 2739 753 2790 Messeniis
770 2737 940 2790 dedicavisse
965 2743 1172 2790 monumentum
1190 2741 1318 2792 victoriae

127 2841 202 2892 quae
220 2827 255 2878 ad
273 2828 346 2892 ipsos
363 2827 474 2878 oranino
493 2839 547 2876 nou
564 2827 720 2890 pertineret.
758 2825 847 2884 Quare
865 2838 917 2875 uou
942 2825 1023 2877 videa
1041 2827 1107 2892 quid
1130 2825 1205 2877 aliud
1225 2828 1316 2890 restet,

128 2913 185 2965 uisi
196 2915 228 2964 ut
239 2913 273 2964 de
286 2913 369 2963 rebus
386 2925 515 2978 prospere
534 2912 616 2976 gestis
634 2913 727 2962 eontra
745 2909 875 2962 finitimos
891 2911 964 2962 bello
977 2911 1150 2963 Archidemia
1167 2913 1241 2978 quod
1253 2913 1320 2964 dici·

128 3002 178 3050 tur
195 3001 352 3062 cogitemus.
389 2999 458 3048 saue
476 2999 556 3048 etiam
576 2999 601 3047 in
621 2997 664 3047 his
675 2996 848 3061 Thucydides
865 3011 974 3064 semper
992 2999 1141 3050 Messenios
1158 3000 1229 3050 solos
1242 3012 1319 3050 oom-

128 3087 277 3147 memorat;
298 3084 346 3135 sed
364 3097 427 3136 curu
442 3084 603 3149 plerumque
616 3083 757 3149 Naupacto
769 3082 847 3148 quasi
859 3083 995 3148 praetorio
1007 3096 1056 3148 per
1068 3086 1156 3135 totum
1173 3086 1201 3134 in
1220 3085 1262 3134 his
1275 3099 1319 3136 re-

127 3169 256 3236 gionibus
279 3169 382 3220 bellum
406 3171 448 3222 usi
472 3172 527 3221 sint
549 3171 728 3234 imperatores
745 3169 966 3231 Atheniensium,
989 3170 1125 3221 civitatem
1148 3171 1319 3222 coniunctam

126 3257 344 3324 Naupactiorum
362 3258 389 3306 at
401 3257 597 3309 Messeniorum
614 3255 726 3322 publico
744 3253 858 3305 coasilio
876 3254 958 3306 huius
976 3253 1041 3305 belli
1059 3257 1218 3322 participem
1237 3255 1320 3307 fuisse

127 3347 343 3395 cousentaneum
371 3344 421 3394 est.
465 3343 506 3393 lix
528 3343 571 3393 his
593 3343 686 3393 autem
711 3340 905 3392 certaminibus
924 3353 1055 3407 prospero
1079 3344 1180 3392 eventu
1203 3343 1318 3406 iusignia

127 3431 196 3482 suut
213 3443 282 3494 quae
295 3429 380 3480 Thuc.
393 3429 438 3490 lll,
460 3432 594 3478 446-448
613 3427 795 3479 Demosthene
814 3427 884 3478 duee
902 3429 996 3477 contra
1013 3428 1198 3479 Ambraciotas
1216 3429 1319 3478 socios-

127 3529 186 3582 que
203 3517 278 3580 qesta
296 3517 387 3564 nmrat
404 3513 494 3564 hieme
513 3513 553 3564 01.
574 3517 615 3575 88,
637 3517 650 3561 8
672 3509 757 3582 [istit
777 3528 802 3564 a.
822 3513 908 3576 Chr).
981 3517 995 3562 8
1020 3513 1058 3565 Gi.
1079 3516 1120 3565 tit.
1142 3515 1164 3562 4.
1202 3513 1317 3564 Βιιίίοίίιι

127 3602 167 3653 de
184 3614 254 3652 corr.
274 3599 343 3652 Heli.
363 3602 374 3650 l
394 3601 481 3664 (4877)
501 3613 528 3665 ρ.
549 3604 580 3650 88
600 3613 628 3652 u.
650 3603 680 3648 46
704 3593 828 3666 Ἀθηναίη
847 3593 967 3656 Φωκαεῖς
991 3596 1040 3650 ἀπὸ
1057 3604 1108 3650 τιῖιν
1127 3595 1257 3666 πολεμίων
1276 3597 1318 3650 δε-

126 3683 221 3755 κάτην.
240 3685 375 3738 Bullatino
388 3685 452 3736 dell'
472 3688 535 3738 lust.
551 3685 626 3736 areb.
645 3685 722 3739 Rom.
739 3688 804 3734 4878
822 3699 850 3750 ρ.
864 3687 912 3734 867
934 3683 994 3748 [ἀπὸ
1011 3685 1077 3753 τῶίμ
1093 3683 1223 3754 πολεμίων
1245 3686 1319 3749 (litu-

128 3773 173 3823 lus
194 3773 320 3836 Atticas).
357 3773 437 3823 Paus.
462 3773 500 3834 V,
527 3775 573 3834 84,
602 3776 624 3821 7.
669 3769 874 3836 Antiquioribus
892 3771 974 3834 igitur
991 3770 1160 3837 temporibus
1177 3785 1265 3837 usque
1283 3773 1318 3823 ad

127 3860 255 3923 quintum
273 3871 299 3908 a.
320 3857 382 3910 Chr.
402 3857 541 3908 saeculum
559 3857 612 3908 hoc
630 3857 771 3908 titulorum
793 3869 878 3920 genas
904 3855 978 3908 baud
996 3857 1152 3922 inirequeus
1176 3856 1258 3908 luisse
1281 3860 1320 3907 vi-

127 3945 221 3996 detur.
311 3945 325 3992 4
344 3944 454 3993 Praeter
476 3945 568 3994 notam
591 3942 688 3994 urbam
706 3942 827 3994 Pallenes
850 3942 930 3993 aliam
949 3941 1032 3994 tuisse
1051 3943 1191 3993 llirchhoil
1206 3943 1317 3995 Studien

127 4043 179 4082 aur
202 4028 301 4080 Gesch.
328 4029 377 4080 des
401 4031 448 4080 Gr.
466 4028 544 4093 Alph.
565 4042 591 4094 p.
614 4031 662 4078 486
680 4031 736 4081 ιιοί.
758 4033 768 4078 4
798 4027 992 4079 demonstravit
1009 4041 1043 4079 ex
1062 4029 1192 4080 Pausania
1216 4031 1251 4089 V,
1274 4035 1315 4093 87,

129 4118 164 4164 48
190 4109 336 4178 (Μενδαίοις
360 4111 388 4165 et
406 4111 492 4171 αὐτοῖς
510 4111 582 4184 γένος
599 4131 626 4165 τε
647 4107 800 4184 Ἑλληνικὸν
823 4113 868 4166 καὶ
892 4112 953 4166 ἀπὸ
977 4105 1100 4172 Ἰωνίας
1119 4112 1200 4178 ἐστίν,
1221 4114 1318 4167 οίκοῦσι

128 4199 159 4252 δὲ
176 4197 227 4252 ἀπὸ
247 4196 379 4268 θαλάσσης
397 4196 451 4251 ἅνω
467 4204 514 4268 της
532 4200 613 4269 πρὸς
631 4196 722 4270 Λίνῳ
741 4197 835 4262 πόλει),
855 4199 901 4250 ubi
915 4203 942 4250 et
965 4201 1033 4251 situs
1051 4204 1077 4251 et
1095 4202 1207 4265 originis
1220 4201 1317 4253 delini-

128 4287 214 4338 liade
233 4286 279 4337 illa
298 4287 416 4350 cogitare
435 4287 516 4338 vetat.
548 4287 614 4337 lade
633 4289 724 4338 autem
742 4287 888 4337 Paeonium
902 4286 1048 4338 oriundum
1067 4286 1149 4338 luisse
1168 4287 1317 4339 litteratura

128 4372 201 4424 tituli
214 4373 314 4433 ionica,
336 4383 389 4422 uon
408 4371 572 4434 Chalcidica,
593 4373 748 4424 testimonio
768 4375 817 4423 est
872 4376 887 4422 6
907 4373 1012 4422 Statuas
1031 4373 1058 4422 in
1077 4375 1210 4424 aetomete
1228 4375 1319 4424 orien-

129 4458 176 4509 tali
194 4457 342 4510 eollocates
359 4471 428 4523 qaas
446 4471 461 4507 a
480 4459 596 4510 Paeonio
614 4459 735 4525 sculptas
752 4471 812 4510 esse
830 4457 907 4509 Peus.
928 4459 965 4520 v,
986 4462 1032 4522 44,
1054 4463 1068 4510 8
1087 4458 1184 4522 relert,
1211 4459 1317 4510 Curtius
