3084 5052
105 339 165 404 oto]
577 340 594 388 l.
621 338 672 390 iles
690 339 826 404 publicae.
1232 343 1295 404 457

103 543 230 608 addidit
252 543 348 606 idem.
395 543 509 606 Omnia
532 543 636 606 denuo
660 547 830 627 exscripsit
852 545 988 608 Koehler
1011 555 1043 608 et
1069 545 1172 608 edidit
1199 547 1234 608 G.
1267 549 1292 610 l.

102 649 169 712 Att.
194 651 221 710 ll
246 645 319 708 toi.

85 893 87 896 .
189 832 314 920 ’ίγαδῆι
344 828 446 920 τύχηι.
489 828 562 898 Ἐπί
593 830 731 916 Μηδείου
765 825 927 920 ίίρχοντος1
964 833 1013 898 ἐπί
1046 839 1099 918 τῆς
1129 835 1294 908 Λεοντίδος

191 937 293 1024 τρίτης
319 935 499 1022 πρυτανείας
525 928 546 1021 ᾖ
575 935 699 1016 Φιλίίοιν
727 935 876 1008 Φιλίωνος
898 932 1108 1010 Ἐλευσίνιος2
1135 932 1294 1023 ἐγραμμά-

190 1063 285 1121 τευεν,
312 1036 546 1124 Βοηδρομιῶνος
568 1033 673 1122 tude-pt
696 1038 865 1122 ἱσταμένου,
891 1035 983 1126 ἐνάτη
1004 1037 1009 1125 1
1028 1043 1082 1124 της
1103 1040 1290 1125 πρυτανείας,

193 1140 338 1226 ἐκκλησία
352 1139 441 1228 κυρία
462 1141 494 1204 ἐν
516 1144 573 1204 τῶι
594 1135 743 1226 usurpet·
767 1143 824 1204 τῶν
838 1141 991 1228 προέδρων
1007 1137 1191 1228 ἐπεψήφιζον
1204 1137 1295 1208 Ἐπι-

190 1248 279 1330 τέλης
298 1241 473 1330 ΙἈρεταίου
490 1239 653 1314 Παιανιεὺς
675 1240 726 1306 καί
749 1239 963 1330 συμπρόεδροι·
991 1243 1091 1314 ἔδοξεν
1113 1247 1167 1308 τῶι
1182 1240 1293 1330 δήμιοι·

164 1343 392 1433 οΝικόστρατος
406 1344 417 1432 d
431 1344 609 1432 Δημαρέτου
632 1341 810 1430 Λαμπτρεὺς
832 1344 928 1410 εἶπεν·
957 1342 1061 1430 ἐπειδὴ
1086 1347 1115 1411 ol
1137 1346 1248 1433 ἔφηβοι
1265 1349 1294 1412 ol

190 1451 240 1518 tel
258 1443 449 1535 Ἐχεκροίτου
471 1440 637 1534 ίίρχοντος8
658 1443 812 1532 δόσανίτες
833 1449 865 1512 ἐν
888 1449 953 1522 ταῖς
982 1451 1148 1535 ἐγγραφαῖς
1177 1451 1208 1514 ἐν
1238 1455 1295 1516 τῶι

189 1553 371 1641 πρυτανιίιυι
393 1550 442 1616 ἐπί
463 1554 517 1636 τῆς
539 1554 641 1636 κοινῆς
663 1551 763 1624 ἑστίας
784 1556 837 1614 τοῦ
859 1545 957 1636 δήμου
976 1549 982 1638 1
1001 1548 1052 1616 καί
1073 1548 1294 1638 καλλιερήσαν-

190 1681 239 1731 τες
262 1651 336 1740 μετὰ
358 1658 410 1720 τοῶ
432 1656 583 1737 κοσμητοδ
605 1651 657 1718 καί
678 1655 731 1718 τοῦ
755 1653 858 1738 ἱερέως
880 1657 933 1720 τοῦ
955 1649 1053 1738 δήμου
1074 1653 1126 1718 καί
1144 1657 1200 1720 τῶν
1215 1652 1294 1740 Xoi-

192 1759 301 1846 plcoau⁴
334 1756 386 1820 καί
418 1760 477 1820 τῶν
511 1757 681 1840 ἐξηγητῶν5
710 1750 901 1840 ἐπόμπευσάν
933 1779 966 1821 τε
992 1761 1042 1842 τῆι
1068 1753 1215 1843 Ἀρτέμιδι
1243 1762 1294 1844 τήι

188 1859 348 1948 Ἀγροτέρᾳ
370 1859 401 1924 ἐν
423 1849 538 1940 ίιπλοις,
561 1857 566 1944 Ι
586 1852 764 1943 ἐποιήσαντο
794 1856 828 1922 δὲ
856 1856 907 1922 καί
929 1855 982 1942 τήν
1005 1853 1210 1946 δπαπάντηοιν
1232 1863 1294 1934 τοῖς

149 1965 283 2050 intepuit
304 1963 337 2027 ἐν
359 1954 462 2034 ’ὅπλοις
484 1960 536 2026 καί
557 1959 752 2047 προέπεμψαν
767 1959 777 2047 d
792 1955 882 2038 αδτά,
907 1959 959 2025 καί
981 1957 1032 2026 τὸν
1047 1953 1171 2049 Ἴακχον
1194 1959 1294 2036 ῶςαιί-

189 2069 280 2147 τοιςί,
305 2059 418 2151 ἤραντο
448 2063 481 2128 δὲ
511 2062 563 2128 καί
584 2065 646 2137 τοῖς
674 2064 848 2149 μυστηρίοις
878 2058 947 2136 τοὺς
975 2065 1046 2148 βοῶς
1065 2063 1070 2150 Ι
1090 2065 1121 2130 ἐν
1141 2060 1296 2132 Ἐλευσῖνι

189 2174 240 2254 τῆι
261 2167 387 2232 ίίυσίαι7
409 2165 461 2232 καί
485 2162 570 2231 αδτοί
592 2162 801 2252 ἐβουδιίτησαν
824 2167 856 2231 ἑν
878 2169 931 2230 τῶκ
951 2163 1116 2253 περιβόλωι
1129 2173 1182 2234 τοῦ
1199 2171 1291 2255 ίιροῦ,

172 2412 288 2462 Litterae
307 2409 375 2461 Allil
393 2411 420 2458 et
437 2407 521 2458 semel
545 2421 571 2458 ν.
589 2410 601 2456 t
620 2407 658 2470 Ξ,
683 2419 746 2458 cum
769 2409 909 2473 praeterea
934 2407 1036 2472 ubique
1061 2408 1177 2472 volgaris
1207 2409 1293 2462 lorma

102 2500 125 2550 Ξ
144 2499 187 2550 ait.
227 2497 290 2548 Post
308 2494 376 2546 haec
394 2493 534 2558 plebiscita
553 2495 580 2544 iu
599 2494 689 2560 lapide
714 2495 838 2558 sequitur
860 2493 942 2544 iudex
959 2491 1127 2558 epheborum
1145 2493 1295 2546 Athenien-

102 2585 174 2634 sium
192 2581 316 2633 tributim
340 2580 484 2644 discriptus
508 2578 642 2630 adiunctis
664 2581 814 2644 peregrinis
828 2579 986 2639 nonnullis,
1006 2593 1089 2644 quem
1108 2580 1152 2631 hlc
1171 2585 1293 2646 repetere

103 2669 187 2719 nolui.
262 2673 272 2717 t
294 2667 382 2728 Quum
401 2664 549 2716 Kochlerus
567 2665 745 2716 Echecrateru
764 2668 791 2715 et
805 2663 928 2716 liedeum
947 2665 1092 2716 archontes
1109 2666 1144 2716 ad
1162 2667 1220 2731 lpsa
1232 2679 1295 2718 sae-

102 2755 158 2804 culi
175 2767 200 2803 a.
221 2752 285 2805 Chr.
313 2752 394 2817 primi
422 2751 497 2801 initia
523 2750 688 2812 rettulisset,
717 2751 872 2801 accuratius
890 2752 1007 2800 aetatem
1030 2749 1152 2802 delinivit
1169 2751 1218 2803 Th.
1238 2753 1294 2803 llo-

102 2839 185 2890 molle
213 2837 328 2888 Bullatin
357 2837 390 2886 de
417 2835 652 2899 correspondance
681 2835 839 2900 llellenique
867 2835 902 2885 lv
932 2835 1017 2900 (7888)
1044 2850 1071 2902 p.
1093 2839 1152 2886 788.
1190 2837 1293 2903 Nempe

102 2937 190 2989 quum
212 2937 245 2974 ex
270 2922 348 2974 titulo
371 2935 398 2972 n.
419 2925 469 2971 880
489 2921 613 2972 hledeum
633 2922 804 2972 Piraeensem
826 2923 981 2971 curatorem
1000 2921 1059 2972 Deli
1083 2921 1188 2974 insulae
1212 2922 1294 2976 luisse

101 3011 221 3060 sciamus
240 3009 287 3060 Cn.
308 3006 433 3058 Cornelio
452 3006 566 3056 Lentulo
585 3007 613 3059 P.
633 3005 735 3058 Licinio
754 3007 851 3056 Crasso
870 3006 1038 3070 consulibua,
1058 3007 1136 3071 Argei
1148 3008 1295 3073 Tricorysli

102 3107 221 3156 annum,
243 3107 297 3158 quo
321 3092 452 3144 archonte
478 3091 588 3142 liadeus
612 3091 657 3142 ille
681 3104 747 3142 cura
771 3090 881 3142 iunctus
900 3093 941 3142 est
964 3092 1058 3155 (Mater
1075 3094 1179 3144 Comm.
1201 3093 1292 3160 Epigr.

100 3196 128 3248 p.
150 3184 192 3231 ta.
213 3193 239 3229 n.
261 3181 303 3242 ta)
324 3183 355 3228 87
375 3192 399 3228 a.
420 3177 482 3228 Chr.
503 3189 573 3228 esse.
610 3177 691 3242 Atqui
718 3179 791 3227 inter
809 3176 934 3226 liedeum
961 3179 988 3228 et
1006 3179 1123 3242 Argeum
1148 3179 1294 3230 archontas

102 3250 272 3318 duos'modo
290 3275 389 3324 annos,
409 3261 553 3312 Theodosii
578 3263 605 3312 et
622 3261 739 3322 Proclis,
763 3263 919 3312 interiectos
941 3261 1024 3313 luisse
1050 3269 1155 3314 constat
1180 3265 1294 3330 (Sauppe

102 3352 137 3403 de
154 3352 291 3401 creatione
309 3349 472 3400 archontum
489 3348 639 3398 Atticorum
658 3360 683 3412 p.
700 3348 737 3410 8).
773 3347 939 3398 Echecrates
957 3349 1040 3412 igitur
1057 3363 1082 3400 a.
1105 3353 1163 3410 llll,
1183 3349 1295 3400 lledeua

102 3452 126 3489 a.
144 3441 194 3507 tto
206 3451 233 3488 a.
247 3435 309 3488 chr.
330 3436 357 3484 in
377 3434 537 3497 magistratu
555 3431 614 3482 luit.
709 3437 724 3481 7
743 3432 935 3484 Thesmotheta
953 3433 1004 3484 luit
1020 3433 1108 3485 trihus
1126 3436 1205 3484 annia
1223 3439 1292 3500 post,

102 3525 189 3586 Argeo
206 3521 337 3572 archonte
359 3521 475 3584 (Sauppe
494 3519 528 3568 de
547 3521 630 3568 creat.
650 3517 724 3568 arch.
745 3532 772 3583 p.
795 3521 835 3568 lt.
858 3518 910 3580 tl).
982 3523 996 3567 a
1029 3524 1074 3569 tul
1096 3533 1121 3571 a.
1141 3520 1204 3570 Chr.
1227 3522 1292 3583 (not.

103 3610 139 3671 l).
214 3609 227 3655 t
247 3604 334 3673 ίερίας
353 3602 437 3673 δήμου
455 3603 499 3655 καὶ
510 3599 628 3671 Χαρίτων
646 3596 808 3672 καὶῬώμης
826 3603 891 3654 salla
910 3617 1063 3656 marmorea
1081 3607 1188 3655 inventa
1207 3607 1247 3655 est
1266 3607 1293 3656 in

102 3693 207 3744 theatro
226 3691 389 3756 Dionysinco
409 3689 449 3752 (C.
469 3691 490 3739 Ι.
510 3689 562 3739 nu.
583 3691 617 3739 lll
638 3692 704 3753 285).
741 3689 836 3753 Neque
861 3701 926 3740 vero
948 3703 981 3740 ex
1000 3689 1126 3740 breviore
1149 3689 1294 3740 sacerdotii

101 3777 307 3842 significatione,
329 3789 411 3840 quam
430 3775 475 3824 hio
493 3779 520 3825 et
538 3775 565 3824 in
584 3773 644 3824 aliis
662 3774 747 3826 titulis
766 3774 889 3824 eiusdem
916 3775 1009 3826 aetatis
1028 3778 1054 3826 et
1071 3776 1224 3838 argumenti
1243 3774 1294 3826 ha-

101 3864 208 3926 bemus,
231 3862 358 3926 colligere
377 3861 439 3912 licet
464 3864 521 3910 tum
547 3861 647 3910 Romae
671 3860 854 3910 sacerdotium
872 3861 993 3911 nondum
1016 3861 1175 3910 adiunctum
1199 3859 1291 3910 luisse.

100 3949 172 4000 Nam
192 3945 274 4016 ίερεδς
291 3943 377 4014 δήμου
395 3943 439 3997 καὶ
456 3941 574 4014 Χαρίτων
587 3947 668 3996 etlam
687 3945 716 3996 C.
738 3947 757 3995 l.
778 3947 965 4008 ntt.1ll,oat,
986 3946 1092 3996 Traiani
1105 3949 1153 3995 aut
1165 3945 1293 3996 Hadriani

100 4037 200 4096 aetate,
220 4033 367 4083 invonitur.
440 4031 538 4082 tTres
557 4031 668 4082 luerunt
686 4034 822 4093 exegetee,
842 4044 914 4082 unus
931 4025 1126 4102 πυθόχρηστος,
1148 4031 1166 4081 i.
1186 4043 1211 4080 e.
1231 4043 1294 4081 ora-

100 4118 158 4170 culi
183 4117 306 4183 Delphici
330 4119 407 4168 iuasu
429 4119 569 4168 institutus
597 4117 636 4180 (C.
663 4118 683 4170 1.
702 4117 755 4169 Att.
780 4118 815 4166 lll
841 4119 911 4180 eat),
937 4115 1006 4165 alter
1027 4129 1058 4164 ex
1083 4114 1293 4180 Eupatrldarum

100 4203 200 4256 ordine
225 4203 317 4268 populi
342 4202 474 4266 suffragiis
491 4202 596 4253 electus
617 4202 656 4264 (C.
675 4203 694 4252 l.
715 4203 768 4254 Διί.
793 4203 828 4253 lll
847 4205 906 4253 887.
928 4203 1015 4264 ittet,
1041 4201 1137 4251 tertius
1159 4213 1193 4250 ex
1216 4203 1293 4264 gente

96 4289 327 4354 Eumolpidarum
346 4293 441 4352 captus
461 4287 500 4350 (C.
521 4289 541 4337 l.
561 4290 614 4339 nu.
635 4289 670 4338 lll
690 4289 760 4350 788).
835 4289 849 4336 8
869 4285 909 4337 Cl.
929 4286 1039 4336 titulum
1058 4289 1105 4335 887
1126 4297 1189 4336 curu
1207 4285 1294 4336 adno-

97 4373 258 4426 tationibus.
367 4377 381 4422 7
406 4373 444 4423 Cl.
470 4373 513 4424 W.
535 4371 722 4436 Dittenberger
746 4371 779 4423 de
798 4371 911 4437 ephebis
930 4371 1033 4422 Atticis.
1068 4371 1208 4435 Gottingae
1229 4374 1293 4421 4888

97 4475 128 4527 p.
145 4463 187 4522 77,
207 4459 253 4510 uhi
272 4459 345 4510 allati
365 4462 428 4509 sunt
446 4457 583 4524 Euripidis
601 4458 653 4508 loci
672 4457 730 4510 llel.
753 4461 829 4508 thot.
857 4455 956 4508 Electa.
977 4459 1036 4520 878,
1057 4457 1104 4522 qui
1123 4456 1222 4507 dooent
1241 4469 1294 4506 non
