3082 5054
226 338 290 400 356
717 331 780 383 Pars
798 332 879 396 prior.
1352 330 1414 394 [ste

271 558 304 608 30
314 535 412 618 πόλιν,
437 534 581 604 ἀλλὰκαὶ
603 544 660 602 τῶν
682 531 968 623 παρεπιδημούντων
982 535 992 622 β
1007 535 1108 616 ξένων,
1132 534 1294 622 περιτιθείς
1309 533 1362 621 τήν
1378 539 1413 602 ἐκ

313 649 368 708 τῶν
394 641 481 713 ξένων
505 637 655 728 εὐφημίαν
678 645 728 724 τηι
755 641 890 725 πατρίδι·
923 633 1154 726 γυμνασίίαρχάς
1184 661 1216 703 τε
1244 638 1416 724 ratprsbek¹³

313 749 366 830 τῆς
387 769 419 809 τε
442 739 577 816 εὐταξίας
599 746 657 808 τῶν
679 738 803 830 ἐφήβων
833 741 885 808 καί
913 747 969 806 τῶν
999 741 1074 807 νέων
1084 745 1109 786 ¹⁴
1130 737 1312 828 προενοήθη,
1336 742 1415 828 Ιτῆς

315 871 347 913 τε
370 839 465 931 ἀλλης
487 840 715 932 εὐσχημοσύνης
737 848 790 931 τῆς
812 841 890 910 κατὰ
912 841 945 909 τὸ
967 839 1129 930 γυμνάσιον
1153 840 1332 930 ἀντελάβετο
1354 870 1413 910 κα-

315 954 375 1023 λῶς
398 948 448 1014 καὶ
468 947 472 1034 Ι
493 949 671 1035 φιλοτίμως·
693 943 910 1014 κατεσκεύασεν
933 946 966 1012 δέ
988 943 1037 1012 τόν
1060 970 1092 1012 τε
1114 949 1268 1034 λουτρῶνα
1289 947 1340 1012 καὶ
1362 945 1416 1014 τὸν

316 1055 482 1140 ἐίφείίξῆς15
504 1049 596 1132 υίκυν,
624 1047 769 1136 ἀνέθηκεν
793 1050 826 1114 δέ
849 1049 900 1115 καί
924 1041 1046 1135 ἀγαλμοι
1068 1052 1177 1116 λευκοῦ
1199 1050 1297 1131 λίθου,
1322 1047 1359 1116 τά
1381 1076 1417 1116 τε

273 1167 306 1220 35
316 1157 489 1222 ἐλλείποντα
517 1153 569 1218 καί
591 1145 662 1219 ὄντα
683 1150 861 1240 [ἀββιαγκαῖα
889 1147 1197 1239 προςκατεσκεάασεν·
1233 1153 1264 1219 ἔν
1291 1177 1323 1218 τε
1352 1157 1417 1226 τοῖς

315 1257 480 1345 γενεθλίοις
502 1261 556 1322 τοῦ
581 1257 728 1342 βασιλέως
750 1252 823 1321 καθ’
859 1257 982 1320 ἕκαστον
1001 1255 1007 1342 l
1028 1261 1108 1340 μῆνα
1130 1251 1317 1328 θυσιοίξων18
1338 1253 1425 1343 ὑπὲρ

316 1367 368 1426 τοῦ
399 1355 496 1446 δημου
525 1357 689 1446 διαδρομὰς
717 1359 811 1424 ἐτίθει
839 1361 900 1431 τοῖς
926 1383 958 1424 τε
988 1355 1114 1445 ἐφήβοις
1142 1358 1194 1425 καί
1224 1360 1284 1432 τοῖς
1300 1357 1305 1444 ί
1321 1359 1414 1440 νέοις,

317 1463 466 1529 συνετέλει
488 1461 521 1526 δέ
543 1461 595 1526 καί
618 1457 813 1546 ἀκοντισμοθς
827 1459 879 1526 καί
893 1462 1016 1543 τοξείας,
1043 1461 1139 1528 ἐτίθει
1153 1461 1186 1528 δέ
1201 1461 1253 1527 καί
1268 1464 1418 1547 ἐπαλείμ-

319 1577 422 1651 ipsso,
460 1562 510 1630 διὰ
538 1569 590 1650 τῆς
620 1565 727 1630 ἑαυτοῦ
754 1565 927 1651 φιλοδοξίας
951 1552 1188 1650 προτρεπόμενος
1216 1567 1258 1638 εἰς
1287 1559 1418 1652 ἄσκησιν

316 1666 367 1734 καί
406 1667 589 1753 φιλοίττονίαν
628 1663 697 1739 τοὺς
728 1668 830 1748 νέους,
863 1663 930 1731 ἀνθ’
963 1659 1005 1732 ὧν
1034 1662 1050 1732 ‘o
1077 1669 1172 1753 δῆμος
1194 1663 1421 1754 ἀποδεχόμενος

275 1768 409 1838 40αάτοῦ
431 1765 464 1834 τδ
487 1765 687 1856 φιλόσπουδον
709 1769 761 1834 καί
775 1769 786 1856 β
800 1768 915 1842 ἐκτενὲς
937 1765 1146 1856 συνεχώρησεν
1171 1769 1223 1855 μέν
1246 1766 1342 1837 αὐτῶν
1362 1769 1421 1845 τὰς

318 1869 486 1959 ἐπιγραφάς
496 1876 532 1954 ¹⁷,
557 1869 681 1957 ἠξίωσεν
713 1871 746 1937 δὲ
769 1873 892 1938 ἐπαίνου
916 1867 966 1938 διὰ
986 1871 990 1958 Ι
1008 1877 1067 1938 τῶν
1096 1869 1306 1960 ψηφισμάτων,
1332 1873 1422 1940 οἵτε

317 1966 428 2063 ἔφηβοι
450 1974 501 2039 καί
523 1977 552 2040 οἱ
574 1975 636 2040 νέοι
658 1971 868 2062 ἐστεφάνωσαν
888 1969 976 2040 αὐτόν
990 1999 1023 2040 τε
1037 1975 1089 2040 καί
1103 1973 1151 2040 τὸν
1171 1975 1176 2062 Ι
1197 1973 1419 2064 ἐφήβαρχονίθ,

320 2072 360 2144 ὧν
384 2073 605 2162 ἀποδεξάμενος
626 2075 679 2162 τῗην
701 2075 789 2164 τιμὴν
812 2082 865 2162 τῆς
888 2073 1022 2163 δαπάνης
1041 2073 1148 2152 οιάτοδς
1161 2080 1340 2166 παρέλυσεν,
1364 2077 1423 2154 τάς

321 2181 374 2266 Ιτε
396 2183 452 2246 τῶν
474 2174 573 2246 ’ὅπλων
596 2177 754 2252 ἀναθέσεις
784 2183 818 2246 ἐκ
840 2186 898 2246 τῶν
922 2179 1004 2245 ἰδίων
1028 2177 1203 2266 ἐποιήσατο·
1231 2187 1285 2248 τοῦ
1306 2208 1339 2248 τε
1361 2180 1423 2268 δή·

320 2279 377 2369 μου
399 2284 609 2369 πρυελομέξνυυ
632 2284 792 2368 νομίσματι
813 2282 961 2370 χαλκίνωι
981 2285 1117 2370 χρῆσθαι
1139 2285 1228 2366 ieter,
1253 2282 1342 2372 χάριν
1365 2292 1424 2353 τοῦ

235 2457 541 2468 ——-—-....-——-

307 2583 336 2628 tt
357 2579 526 2642 Magistratus
544 2589 649 2628 annuus
668 2581 721 2638 est,
742 2581 787 2643 qui
807 2592 941 2630 summurn
964 2591 1054 2629 rerum
1073 2579 1301 2644 gymnasticerum
1324 2591 1423 2630 curam

235 2663 325 2714 babet.
362 2663 421 2714 Non
440 2661 621 2713 confundendi
640 2677 702 2714 cum
721 2663 774 2715 hcc
794 2667 960 2730 magistratu,
980 2664 1026 2729 qui
1051 2664 1077 2713 in
1096 2663 1232 2728 plerisque
1251 2664 1361 2714 Graecis
1379 2667 1424 2716 ci·

236 2748 365 2801 vitatibus
384 2751 450 2811 erat,
471 2749 669 2811 gymnasiereiii
688 2752 820 2802 menstrui
832 2763 866 2802 ex
878 2749 1046 2815 epheborum
1059 2749 1208 2800 Atticorum
1220 2762 1335 2800 numero
1348 2753 1422 2816 cepti

239 2833 436 2898 (bittenberger
458 2833 491 2882 de
509 2831 623 2898 ephebis
641 2835 733 2885 Atticis
757 2848 784 2900 ρ.
800 2839 853 2899 ttt.
880 2835 904 2885 Ι.
994 2837 1024 2884 tt
1042 2830 1116 2892 νέους
1133 2837 1220 2886 aetate
1237 2836 1425 2900 provectiores

236 2931 394 2984 essequam
413 2915 527 2986 ἐφήβους
545 2931 607 2968 cum
625 2917 671 2970 aiii
689 2919 765 2970 mutii
785 2919 855 2972 tituii
873 2919 970 2972 decent
988 2923 1045 2971 tum
1064 2919 1093 2970 C.
1112 2920 1132 2970 i.
1147 2921 1178 2971 G.
1199 2925 1276 2983 tiit,
1296 2921 1344 2972 ubi
1356 2924 1424 2973 ποῖ-

236 3003 288 3068 δτς,
303 3001 404 3074 ἔφηβοι,
418 3001 472 3055 νέοι
485 3003 537 3054 boc
550 3003 643 3056 ordine
657 3017 686 3055 se
698 3007 843 3072 excipiunt.
868 3005 892 3058 J.
965 3009 995 3055 iti
1015 3007 1048 3056 Ε.
1059 3041 1065 3054 .
1077 3003 1097 3072 .Ι
1108 3006 1182 3056 ..ΗΣ
1205 3005 1232 3056 G.
1255 3006 1274 3056 Ι.
1299 3007 1337 3057 Ac
1350 3006 1424 3058 Cur-

238 3092 293 3141 tius
310 3089 420 3154 quidem
436 3083 618 3158 ἘρΙμαθήνΙης
636 3091 751 3156 suppiet,
773 3091 884 3158 quodi.
907 3089 1004 3142 refutet
1021 3103 1134 3142 monens
1153 3092 1271 3158 spatium
1289 3105 1343 3142 που
1361 3091 1423 3142 sui·
1516 3093 1522 3104 '

237 3175 328 3238 ficere,
348 3177 405 3240 ipse
424 3187 487 3225 vero
507 3176 647 3226 cuiusnam
666 3177 732 3227 deae
751 3191 848 3230 nomen
867 3177 954 3228 lateat·
966 3189 1020 3226 ncn
1038 3178 1146 3241 assequi
1165 3188 1194 3226 se
1212 3175 1320 3229 tutetur.
1344 3177 1424 3238 Quae

238 3259 409 3312 difficultates
426 3260 557 3311 tciiuntur
574 3259 689 3314 Calventi
708 3263 822 3314 tectione
840 3267 867 3314 et
888 3261 1083 3328 supplemento.
1168 3265 1199 3312 itt
1218 3263 1355 3314 Menstrua
1374 3277 1424 3313 sa-

236 3346 337 3398 crificia
357 3347 430 3397 baud
449 3359 509 3397 rara
528 3349 591 3397 suni
608 3347 680 3411 apud
695 3348 821 3409 Graecos,
842 3349 890 3400 sed
908 3349 981 3400 diem
999 3347 1114 3398 namiem
1133 3348 1260 3398 omnibus
1278 3347 1423 3400 mensibus

239 3431 404 3484 celebratum
423 3445 483 3483 esse
501 3437 641 3497 praeterea
659 3433 850 3484 contraditur.
877 3433 1049 3484 Simiiiimnm
1061 3445 1126 3484 sana
1144 3433 1276 3498 estquod
1294 3433 1322 3484 in
1340 3434 1423 3484 tituto

240 3519 382 3570 Roseitano
403 3519 452 3580 (Fr.
475 3517 541 3570 iiiii.
562 3519 606 3569 Gr.
627 3518 637 3567 1
656 3517 744 3583 suppl.
764 3519 923 3584 ptuit)
948 3517 1065 3568 retertur
1082 3519 1156 3570 diem
1177 3531 1231 3582 quo
1249 3518 1423 3570 Ptolemaeus

239 3617 350 3670 regnum
363 3603 524 3655 obtinuisset
536 3615 698 3668 unoquoque
712 3617 806 3656 menes
824 3603 962 3657 secriticiis
979 3602 1120 3654 celebrari.
1140 3603 1163 3655 .Ι.
1252 3607 1281 3652 4“Ι
1296 3605 1423 3655 Permisit

238 3693 264 3741 ei
281 3689 413 3756 populus,
433 3693 463 3740 ut
480 3689 600 3741 donariis
618 3703 687 3754 quea
711 3689 770 3742 deis
787 3689 973 3750 consecrabat,
995 3702 1094 3740 nomen
1118 3692 1145 3740 et
1162 3689 1333 3754 magistratus
1351 3687 1424 3740 bene

239 3777 306 3840 gasti
326 3777 490 3826 mentionem
509 3775 668 3826 inscriberet
688 3775 730 3838 (ci.
751 3791 777 3829 v.
792 3776 844 3838 it).
871 3775 909 3826 De
928 3774 1063 3826 indicibus
1081 3775 1213 3825 victorum
1231 3774 1339 3839 pubiioe
1356 3789 1425 3841 pm·
1536 3739 1537 3758 ί

239 3862 371 3926 ponendis
390 3861 631 3926 interpretaturi,
657 3861 704 3911 sed
730 3862 758 3913 id
777 3863 869 3926 utique
887 3860 944 3911 tieri
969 3859 1085 3912 debebat
1110 3873 1198 3926 neque
1222 3860 1424 3924 gymnasiarcbi

240 3947 350 3998 honoris
368 3959 450 3998 causa
468 3945 558 4008 tiebat,
579 3947 627 3998 sed
645 3959 740 3998 eorum
759 3948 805 4011 qui
822 3947 960 4006 vicereni;
981 3957 1069 4010 neque
1087 3942 1149 3998 ἀνθ’
1166 3945 1202 3997 ὧν
1219 3945 1254 3996 ad
1271 3947 1424 3998 certamine

241 4032 322 4083 medo
345 4032 513 4097 epheborum
536 4037 564 4083 et
587 4033 731 4092 iuvenum,
761 4033 810 4084 sed
833 4032 868 4082 ad
890 4031 981 4082 omnio
1005 4045 1074 4097 quse
1098 4031 1189 4082 Menas
1213 4031 1241 4081 in
1262 4032 1425 4095 magistratu

241 4115 310 4168 bene
335 4122 453 4182 gesserat
476 4121 598 4186 spectare
617 4118 750 4169 videntur.
886 4123 917 4169 48
937 4119 1166 4183 (ΙχωυοείυτοΙιυε
1185 4119 1292 4168 cumei
1310 4116 1425 4192 ephebis
1535 4151 1536 4161 ι

240 4204 268 4252 et
287 4202 429 4255 iuvenibus
446 4203 602 4269 praetuerit,
622 4205 743 4268 sequitur
759 4205 790 4254 ut
808 4203 1002 4269 epheberebus,
1023 4217 1104 4270 quem
1122 4203 1242 4254 sciorum
1254 4202 1425 4268 epheborum

241 4299 336 4338 curam
353 4287 478 4340 babuisse
498 4292 587 4354 ipsum
604 4301 701 4340 nomen
726 4289 975 4351 indicai,·minoris
996 4291 1133 4354 dignitatis
1151 4291 1325 4354 magistratus
1343 4290 1379 4340 sii
1395 4293 1426 4340 et

243 4371 314 4424 iilius
332 4375 445 4438 imperio
472 4375 619 4426 subiectus.
657 4375 788 4440 Distingui
813 4375 863 4425 bos
885 4376 1057 4439 magistratus
1084 4377 1161 4440 iquos
1188 4373 1366 4426 contererem
1390 4373 1427 4425 de

244 4458 305 4523 eph.
325 4471 351 4524 p.
367 4460 409 4522 tit)
428 4461 510 4512 etiam
528 4458 562 4512 ab
581 4460 692 4511 Arnieno
710 4459 776 4511 diss.
797 4459 884 4526 Epict.
904 4461 950 4524 ΙΙΙ,
972 4465 996 4524 7,
1017 4465 1047 4512 tt
1067 4461 1171 4514 monuit
1194 4459 1215 4510 J.
