3094 5074
113 373 174 444 tas]
588 381 619 430 ll.
649 379 699 430 lies
716 393 818 430 sacrae.
1237 383 1300 446 613

200 580 313 670 νιηόοις1
339 577 702 670 ἀνδράσινἹπποθωντίδι
718 585 833 672 φυλῆιέ
855 584 860 672 Ι
881 578 971 660 Εὔιος
993 583 1178 661 Χαλκιδεὺς2
1200 579 1298 673 nilon,

202 684 359 774 Νέαιχμος
380 675 474 774 ἦρχεν
491 685 522 749 3³
537 683 733 775 Καρκίδαμος
755 685 869 762 Σώτιος
891 689 1059 755 ἐδίδασκεν.

115 931 161 994 (cl.
183 929 272 994 4448,
299 931 348 995 ipsi
374 931 487 982 victoria
511 930 650 982 tribuitur.
691 929 779 992 Quare
807 945 891 996 quum
920 933 1122 984 recentissimus
1149 933 1243 984 titulus
1267 935 1302 984 alt

111 1019 175 1068 ante
194 1017 351 1080 choragium
370 1017 463 1082 populi
482 1019 508 1067 et
526 1017 731 1080 agonotbesiam
750 1019 900 1069 institutam
927 1019 969 1081 (cl.
990 1019 1061 1082 titi)
1081 1018 1125 1069 illa
1144 1021 1230 1070 aetate
1249 1033 1303 1084 pu·

112 1102 201 1155 blicae
213 1105 241 1154 et
251 1105 372 1168 privatae
383 1102 567 1154 dedicationes
580 1105 607 1154 in
621 1103 707 1154 titulis
720 1103 810 1154 minus
822 1109 950 1156 accurate
965 1117 1046 1169 quam
1064 1107 1142 1155 antee
1161 1105 1303 1157 distinctae

113 1203 175 1241 essa
192 1189 328 1240 videatur.
402 1187 468 1239 acl.
483 1189 580 1242 Athen.
595 1189 654 1249 Xll,
670 1190 746 1254 888).
821 1193 835 1238 8
855 1191 971 1251 ollis,
993 1195 1002 1239 4
1027 1188 1129 1255 (attila
1148 1203 1172 1240 a.
1193 1189 1278 1252 Chri.

200 1479 270 1547 424
293 1484 513 1563 Fragmentum
536 1483 652 1564 lapidis
675 1485 840 1566 Hymettii3
874 1504 920 1546 vs.
947 1482 1031 1546 s-l
1056 1485 1087 1545 in
1111 1501 1223 1546 corona
1246 1484 1303 1546 he-

115 1586 249 1650 deraoea
272 1587 448 1667 anaglypho
471 1605 633 1667 expressa.
667 1589 833 1650 inventum
857 1586 987 1650 videtur
1003 1587 1133 1649 Athenis
1156 1588 1189 1648 in
1215 1587 1303 1648 thea-

115 1699 163 1752 tro
179 1690 304 1767 Bacchi,
330 1698 434 1750 exstat
455 1690 488 1750 in
512 1689 664 1772 impluvio
687 1691 796 1752 lllusei.
837 1689 897 1752 Ed.
921 1689 958 1752 Α.
982 1690 1303 1752 ilauvette-Besnault

116 1793 253 1856 Bullatiu
277 1792 317 1856 de
339 1791 612 1875 correspondanca
635 1794 821 1874 Hellenique
844 1795 883 1855 lll
911 1792 1016 1876 (4879)
1039 1815 1071 1875 p.
1097 1795 1171 1856 352.

173 1975 243 2042 sii
265 1975 364 2046 κοινὸν
387 1984 445 2068 τῶν
474 1985 613 2067 τεχνιτῶν
633 1979 638 2070 Ι
658 1976 847 2068 Ξενοκράτην
867 1978 872 2068 Ι
893 1978 1110 2068 ΚυδοινΙτίδηνΙΙ
1128 1981 1141 2068 ΙΙ
1155 1977 1281 2067 ποιητὴν
1298 1979 1303 2066 Ι

201 2083 405 2168 τραγωιΙδιῶν.

185 2309 300 2360 Litterae
318 2309 441 2376 volgares
460 2309 531 2360 tertii
551 2323 575 2360 a.
596 2307 660 2361 Chr.
680 2308 782 2359 saeculi
801 2311 832 2359 ut
849 2307 966 2360 videtur.
1071 2311 1181 2360 li’oeta
1201 2311 1305 2360 cetero-
1370 2360 1379 2376 ,

116 2396 183 2460 quin
203 2395 320 2458 ignotus.

1152 2571 1304 2580 *ιι-ικ-

203 2683 271 2752 425
294 2691 478 2769 Fragmenta
493 2690 632 2772 epistylii
649 2691 812 2770 compositi
836 2709 876 2751 ex
896 2689 1113 2770 compluribus
1129 2688 1300 2770 lapidibus,

116 2793 149 2852 in
180 2809 243 2872 quo
270 2793 383 2854 titulus
414 2793 459 2854 sio
482 2791 655 2874 dispositus
677 2801 762 2872 erat,
795 2803 831 2855 ut
860 2793 1004 2874 singulae
1026 2793 1190 2855 columnae
1223 2811 1304 2873 quas

117 2895 228 2957 dicunt
250 2895 438 2976 plerumque
461 2905 609 2976 septenos
631 2893 730 2958 denos
745 2915 858 2959 versus
873 2895 1039 2960 haberant.
1083 2897 1212 2958 inventa
1229 2904 1305 2958 sunt

116 2997 157 3060 ad
180 2997 305 3061 radices
333 2997 556 3060 meridionales
584 2999 676 3060 arcis.
724 2997 806 3060 Edd.
839 2999 1036 3062 Kumanudis
1060 2992 1221 3082 Ἀθηναίου
1251 2997 1303 3059 Vll

116 3122 149 3182 p.
176 3103 216 3161 80
233 3120 305 3182 sqq.
354 3101 488 3164 lloahler
510 3101 751 3183 blittbeilungen
779 3101 836 3164 des
859 3103 943 3164 arch.
970 3103 1111 3165 lnstituts
1134 3103 1174 3163 lll
1198 3101 1303 3184 (4878)

118 3223 150 3284 ρ.
177 3205 233 3266 iti
255 3223 326 3286 sqq.
375 3205 518 3266 Frustula
541 3204 696 3285 quaedam
725 3223 859 3286 quorum
888 3215 1110 3288 argumentum
1133 3206 1213 3268 nibil
1236 3206 1303 3268 lere

122 3307 326 3369 memorabile
350 3307 481 3370 haberat
503 3307 611 3380 omisi;
639 3309 685 3369 eis
708 3327 789 3388 quae
813 3310 917 3389 recepi
941 3307 1040 3371 additi
1056 3317 1130 3370 sunt
1146 3309 1227 3371 iutra
1243 3328 1304 3370 un-

119 3429 172 3471 cos
196 3411 319 3472 numeri
344 3409 491 3472 editionis
514 3411 750 3473 lloeblerianaa.
795 3411 841 3474 Gi.
874 3431 956 3492 quae
979 3409 1019 3473 de
1041 3412 1090 3473 his
1112 3413 1215 3474 titulis
1238 3411 1305 3474 dis-

119 3513 245 3593 putavit
267 3515 321 3574 Th.
348 3513 450 3594 Bergk
471 3517 550 3576 Mus
576 3513 634 3575 nh.
660 3515 785 3578 xxxiv
810 3535 840 3595 p.
867 3517 929 3578 292
953 3533 1024 3594 sqq.

186 3755 300 3808 Litterae
324 3755 458 3820 volgares.
496 3755 555 3806 Noc
580 3755 672 3806 omnia
691 3755 786 3806 eadem
804 3756 908 3816 acute,
928 3755 976 3808 sed
1000 3757 1190 3820 antiquissima
1214 3757 1301 3816 tertio,

117 3843 307 3894 recentissima
326 3855 379 3893 non
398 3845 459 3892 ante
479 3843 585 3892 initium
610 3841 724 3892 secundi
743 3856 768 3892 a.
789 3841 851 3893 Chr.
875 3841 976 3894 saeculi
996 3843 1081 3894 incisa
1099 3855 1158 3892 esse
1177 3841 1304 3892 observa-

116 3930 156 3979 vit
174 3929 204 3978 ll.
241 3927 358 3980 Nomina
382 3930 523 3993 poetarum
548 3929 736 3980 scaenicorum
761 3927 830 3979 haec
853 3941 912 3979 ease
931 3928 1030 3980 additis
1054 3929 1228 3979 victoriarum
1253 3941 1304 3978 nu-

116 4015 200 4065 meria
225 4015 331 4080 primus
349 4015 471 4066 omnium
489 4013 557 4064 vidit
575 4015 744 4066 llumanudis
765 4015 902 4079 (Philistor
919 4016 930 4066 l
947 4027 973 4080 p.
995 4015 1066 4078 884),
1094 4015 1144 4064 etsi
1163 4014 1303 4064 etiamtum

116 4112 202 4152 unum
221 4100 348 4162 exiguum
367 4100 549 4165 fragmentum
568 4105 661 4152 nolum
681 4103 740 4153 erat
758 4099 834 4166 (Βοὴ.
850 4105 908 4153 848.
929 4098 1052 4164 ltaagabe
1065 4100 1125 4150 Aut.
1143 4101 1216 4162 4884,
1231 4099 1304 4164 quod

116 4185 202 4238 allicit
220 4186 341 4238 dextram
361 4189 467 4252 partam
486 4187 570 4238 nostri
589 4185 731 4251 lragmeuti
749 4187 779 4251 ν’).
817 4187 905 4252 Atque
928 4199 1012 4252 quum
1037 4186 1095 4252 ipse
1113 4187 1139 4236 at
1157 4185 1306 4238 Koablerus

117 4273 273 4324 comicos
291 4273 373 4324 modo
392 4276 484 4338 po'etas
502 4275 548 4339 qui
567 4275 699 4338 magnis
717 4273 901 4338 Dionysiia
919 4273 1047 4322 vicissent
1064 4271 1110 4322 bic
1121 4271 1303 4336 agnovissent,

118 4358 1306 4425 Barglrlusettragicorumatcomioorumpoetarumvictoriesetliionyaia·

118 4459 175 4497 cas
191 4448 218 4496 et
228 4445 402 4496 Lenaicas
418 4447 553 4496 recenseri
563 4446 746 4498 existimavit·
763 4445 844 4496 node
855 4447 995 4511 poetarum
1009 4444 1153 4510 generibus
1162 4443 1305 4496 manifesto

116 4545 215 4584 verum
229 4531 305 4593 vidit,
325 4545 388 4582 uem
400 4545 485 4583 unum
497 4534 571 4584 certe
585 4531 766 4599 fragmentum
778 4547 796 4584 o
807 4531 841 4584 ad
855 4533 970 4596 tragicos
983 4533 1077 4600 utique
1089 4535 1199 4598 spectat,
1220 4545 1305 4598 quum
