3094 5074
509 363 638 415 Addenda
655 367 683 414 ei
700 363 872 426 Corrigenda.
1218 366 1286 428 659

174 567 203 618 P.
223 571 255 618 00
274 579 300 618 0.
322 569 362 618 tt.
400 568 482 620 Doleo
495 569 566 634 quod
579 581 673 621 sorum
691 571 821 620 rationem
840 569 941 620 hahere
959 570 1073 634 neglexi,
1092 584 1163 635 qnae
1181 571 1215 622 410
1233 571 1285 623 1000

106 653 186 706 040040
203 653 336 720 disputata
355 657 419 704 sunt
442 667 457 704 a
476 655 587 706 lioehlio
605 655 719 706 Hermae
737 657 774 708 144
793 669 820 720 p.
840 659 890 706 070
908 659 936 706 00
953 655 1073 708 Gilherto
1092 657 1214 722 Beltriigc
1237 671 1285 708 zur

106 738 393 790 4000000000010404040
410 740 511 792 Athens
530 741 566 791 im
585 741 708 793 zeitalter
726 741 774 792 dee
791 741 1052 807 peloponnesischen
1065 741 1174 807 lirieges
1192 757 1218 808 p.
1235 746 1284 793 040

105 837 184 890 0040,
204 825 356 890 exquibus
378 825 423 877 ille
446 825 593 878 admodum
611 826 797 892 probahilibus
813 829 979 892 argumentis
997 827 1183 880 demonstrare
1201 841 1283 880 cona·

106 913 160 971 tur,
180 925 206 962 ν.
226 912 258 960 04
278 911 449 976 Thrasybuli,
469 925 522 962 non
540 912 695 978 Apollodori
714 926 812 964 nomen
830 914 1018 979 reponendum
1037 913 1128 966 inisse.

175 997 203 1048 0.
223 1000 255 1046 00
274 1011 300 1048 n.
319 1001 362 1048 00.
400 998 449 1049 lid.
470 999 553 1050 1100104
571 999 593 1050 l.
613 999 643 1050 G.
663 1000 694 1054 Α,
715 1002 756 1062 00,
778 999 825 1064 qui
843 1013 868 1049 ν.
889 1003 904 1048 0
923 1003 995 1051 recte
1014 995 1119 1066 diutule
1137 1001 1261 1052 restituit.

175 1083 203 1136 P.
225 1085 273 1132 400
292 1097 318 1134 0.
340 1087 372 1134 itit
390 1085 444 1134 not.
467 1089 490 1135 t.
528 1085 578 1136 l’ro
598 1085 717 1150 4144410.
738 1088 786 1136 004
800 1085 876 1151 sqq.’
896 1085 953 1150 1000
974 1085 1060 1136 ‘XVII
1077 1099 1104 1151 p.
1125 1087 1155 1135 04
1169 1087 1242 1151 04040*

175 1169 202 1218 P.
218 1173 267 1219 400
285 1182 312 1218 n.
328 1173 369 1222 00.
406 1170 508 1236 Lepide
525 1169 616 1222 denuo
633 1173 757 1222 accurate
775 1173 926 1222 examinato
944 1170 1029 1222 edidit
1046 1175 1073 1222 et
1090 1173 1284 1224 commentario

104 1252 244 1306 doctrinae
268 1255 348 1320 pleno
371 1255 513 1306 illustravit
544 1256 576 1308 44.
601 1256 734 1308 swohoda
758 1256 1200 1322 Archtologlsch-epigrephiecha
1224 1258 1283 1308 liit-

106 1339 264 1404 4400410000οο
287 1354 337 1392 000
361 1341 528 1393 oesterreich
550 1343 595 1392 4441
617 1356 645 1408 0.
665 1347 676 1392 4
698 1355 758 1408 sqq.
802 1341 841 1393 Ex
864 1343 923 1394 eius
944 1343 1098 1409 apographo
1120 1347 1232 1408 apparet
1255 1358 1280 1406 0,

105 1439 133 1475 ν.
153 1429 167 1476 0
188 1429 256 1478 extr.
276 1430 338 1492 post
356 1429 414 1480 ΕΙΝ
434 1427 500 1478 nihil
518 1427 635 1493 amplius
652 1429 783 1494 scriptum
803 1427 895 1490 luisse,
915 1441 997 1494 quara
1015 1429 1041 1480 S.
1061 1432 1089 1480 04
1106 1429 1151 1478 hic
1168 1431 1197 1479 et
1214 1441 1240 1480 ν.
1256 1434 1281 1484 4.

106 1515 119 1560 7
138 1509 184 1562 εἶν’
202 1512 304 1564 scribit.
331 1515 364 1563 At
385 1513 420 1564 410
437 1513 549 1565 01404000
572 1515 665 1579 utique
683 1527 709 1567 0.
731 1519 755 1578 0,
782 1515 828 1566 0404
847 1515 970 1579 sequitur
986 1512 1043 1575 καὶ,
1069 1515 1185 1578 cogitare
1209 1514 1283 1566 nullo

106 1597 188 1648 modo
206 1597 276 1649 licet.
315 1599 401 1649 lmmo
418 1599 590 1650 statuendum
614 1603 656 1651 est
673 1600 745 1666 apud
762 1601 952 1652 Chalcidenses
969 1600 1015 1650 illa
1032 1603 1119 1651 aetate
1137 1600 1213 1652 verbi
1231 1597 1284 1668 0401

105 1681 267 1734 infinitivum
279 1680 316 1735 εῖν
329 1683 419 1748 inisse,
440 1699 522 1750 quam
535 1699 568 1736 ex
578 1685 755 1737 similitudine
767 1687 964 1751 permultorum
981 1685 1176 1738 infinitivorum
1194 1689 1220 1737 in
1234 1703 1284 1738 -οιν

103 1769 259 1820 cadentium
277 1773 369 1821 natum
388 1783 448 1822 esse
466 1773 591 1838 apparet;
617 1785 688 1836 quae
714 1772 808 1822 eadem
832 1771 980 1823 similitudo
998 1771 1051 1823 alia
1069 1773 1173 1824 ratione
1191 1775 1285 1837 genuit

105 1854 253 1906 4000444000
271 1853 350 1923 iperi,
370 1853 466 1925 000000,
487 1853 893 1926 0000444000000044440041400
916 1857 1036 1922 aliasque
1057 1857 1284 1910 0000011000404-

105 1943 174 1992 tates
192 1941 311 1994 Doricos.
348 1943 378 1992 V.
395 1947 460 1994 ii-ii
479 1943 505 1993 S.
524 1944 626 1994 rectius
643 1945 682 1994 sic
705 1943 837 1994 restituit:
858 1940 909 2006 teto]
930 1959 967 2000 τις
985 1941 1029 1994 ἐπ’
1048 1936 1182 2012 ἈμύνΙταν
1199 1941 1239 2012 lap
1257 1941 1283 2002 ἐς

104 2025 158 2095 uilla
176 2026 265 2098 χώρην
289 2024 332 2079 art
354 2025 477 2097 ulolitpor
492 2025 497 2096 Ι
511 2025 542 2096 [ἢ]
566 2026 608 2080 ἐπὶ
624 2025 791 2093 Multitudine,
816 2025 941 2097 00040000]
956 2023 1122 2097 ΧαλκοδέΙας]
1134 2025 1281 2097 Ἀμὶύνταις

104 2126 159 2177 qua
184 2115 211 2163 in
235 2127 264 2164 re
283 2114 341 2179 lpse
359 2119 466 2178 monet,
486 2115 702 2166 additamentum
718 2109 737 2182 ἢ
756 2111 799 2166 iai
815 2109 959 2172 Xaltsrttoc
978 2116 1031 2179 (cui
1050 2117 1076 2166 in
1094 2115 1205 2181 epodosi
1223 2118 1283 2168 sine

104 2199 188 2250 dubio
206 2199 386 2266 respondebat
401 2199 445 2252 sci
459 2194 588 2269 Ἀμύνταν
605 2196 765 2264 Χαλκιδεῦσι)
784 2201 942 2252 insolentius
960 2201 1005 2251 hic
1023 2201 1122 2265 ingeri,
1142 2201 1282 2268 0000010-

104 2299 221 2350 rumque
244 2286 272 2336 in
290 2285 342 2338 hao
358 2287 473 2338 iormula
496 2288 612 2338 alterum
630 2288 764 2351 integrum
788 2287 956 2338 enuntiatum
975 2286 1091 2338 addatur
1111 2285 1162 2354 (καὶ
1179 2285 1223 2340 δάν
1241 2303 1280 2345 τις

103 2368 147 2423 ἐπὶ
164 2367 308 2430 Χαλκιδέας
325 2369 365 2443 40,
383 2369 488 2442 βοηθεῖν
506 2367 632 2441 Ἀμύνταν
650 2368 824 2436 Χαλκιδεῦσι).
856 2371 874 2423 40
893 2385 918 2422 04.
940 2377 956 2422 0
980 2367 1090 2441 401040
1109 2372 1145 2443 μὴ
1164 2375 1207 2438 S„
1233 2376 1280 2440 qui

105 2463 195 2509 tamen
214 2460 275 2510 o'l'l
299 2461 326 2510 in
345 2457 433 2524 lapide
445 2471 505 2509 esse
519 2461 642 2519 testatur,
661 2471 731 2522 quae
743 2459 875 2524 scriptura
887 2459 988 2509 nullam
1001 2459 1082 2510 hahet
1094 2459 1280 2522 044000400οο0,

102 2544 253 2596 dummodo
274 2541 314 2596 δτι
331 2557 496 2609 pronomen,
520 2557 574 2596 non
598 2545 817 2596 coniunctionem
840 2557 899 2596 esse
922 2547 1072 2596 statuemus
1099 2544 1143 2609 (04.
1165 2549 1223 2608 000,
1244 2545 1281 2610 8).

103 2645 129 2682 v.
151 2635 211 2681 4.0
240 2627 441 2698 cretsinruit
469 2632 495 2680 in
524 2629 612 2696 lepide
638 2633 688 2694 est,
717 2629 860 2682 maniiesto
886 2644 987 2684 errore.
1024 2631 1281 2698 ν.Ε44Γ401004410

103 2729 164 2768 esse
183 2719 297 2768 testetur
313 2719 355 2777 S.,
379 2719 426 2782 qui
450 2719 554 2778 400000,
579 2717 749 2786 reliquorum
766 2717 847 2769 huius
863 2718 1013 2783 scripturae
1031 2718 1216 2783 exemplorum
1238 2717 1280 2782 (cl.

104 2817 130 2853 n.
153 2806 212 2864 t'tt,
234 2807 291 2853 000.
313 2807 372 2853 000.
395 2806 454 2864 400,
474 2806 499 2853 0.
520 2805 579 2866 000,
599 2805 640 2854 40.
662 2806 720 2864 0440,
743 2803 784 2864 'iil
810 2801 1164 2873 400010000000410400<0>
1202 2818 1228 2856 ν.
1249 2808 1277 2854 44

102 2891 167 2954 post
183 2883 336 2945 ’Aamhlour
353 2889 423 2940 adde
440 2883 593 2946 Μενδαίους.
630 2887 783 2940 Extremam
807 2891 911 2954 partem
930 2887 993 2940 inde
1011 2902 1072 2940 00.
1093 2893 1123 2939 44
1143 2891 1182 2940 040
1199 2889 1282 2940 relin-

104 2975 142 3025 xit
159 2974 202 3025 S.:
222 2971 522 3044 attemperatione
539 2972 666 3038 iactitant.
696 2964 793 3044 Ὅρκος
817 2973 994 3046 00001οχ4404·
1021 2972 1124 3044 φυλάξω
1147 2971 1179 3027 sd
1197 2990 1283 3026 00000-

102 3055 428 3128 0440041400004000,
452 3058 496 3111 καὶ
514 3057 558 3112 ἔαν
574 3075 612 3117 τις
629 3056 658 3128 tp
680 3055 724 3111 ἐπ’
738 3052 873 3126 Ἀμβνταν
895 3057 1048 3129 [-·-Ι---,
1073 3058 1282 3131 βοηθήσοι-υ-

101 3141 338 3212 ’Aptissima-ml.
364 3148 401 3198 De
420 3149 508 3199 aetate
527 3147 597 3197 tituli
614 3145 748 3198 swohoda
765 3147 949 3210 quaestionem
967 3146 1152 3198 doctissimam
1170 3151 1198 3200 ct
1215 3147 1282 3199 suh-

103 3231 255 3284 tilissimam
273 3233 389 3284 instituit
410 3245 527 3298 eumque
550 3245 613 3284 cum
630 3233 748 3298 Sauppio
771 3231 806 3282 ad
829 3243 930 3282 anunm
947 3228 1022 3301 004Ιο
1042 3247 1066 3283 a.
1086 3233 1148 3285 Chr.
1169 3233 1279 3285 rettulit.

102 3317 201 3382 Neque
213 3319 286 3368 onim
297 3331 361 3370 eum
373 3317 561 3370 Gutschmidio
573 3317 839 3383 chronographorum
853 3319 1033 3370 recentiorum
1053 3320 1203 3370 testimonie
1218 3320 1282 3370 Dio-

101 3403 164 3453 dori
188 3405 335 3454 narrationi
353 3403 530 3469 praeierende
547 3417 623 3466 esse,
645 3417 732 3469 neque
751 3404 894 3468 Amyntam
913 3405 936 3454 41
953 3404 1076 3457 Archelai
1094 3403 1111 3457 4.
1133 3407 1161 3455 00
1179 3405 1280 3469 Amyn·

103 3493 159 3539 tam
178 3491 213 3540 111
231 3489 372 3541 110040441οο4
385 3490 403 3542 i.
419 3490 631 3554 distinguendos,
652 3489 700 3540 0041
718 3503 782 3539 eum
795 3490 938 3554 Amyntam
956 3491 1002 3554 qui
1016 3492 1064 3540 004
1079 3503 1103 3544 a.
1117 3491 1181 3542 Chr.
1201 3503 1281 3555 regno

102 3576 204 3641 potitus
222 3577 302 3638 00000,
324 3577 412 3643 ipsum
430 3575 545 3641 Philippi
562 3579 667 3642 patrem
686 3573 777 3626 inisse.
815 3576 901 3636 Quem
922 3576 1083 3628 sententiam
1100 3575 1215 3642 probare
1234 3591 1282 3628 ne-

101 3675 183 3726 queo,
203 3663 318 3713 maxime
336 3666 446 3729 propter
463 3661 613 3714 Aristotelis
631 3661 721 3712 locum
739 3660 815 3711 Polit.
835 3661 865 3722 V,
885 3673 912 3726 p.
928 3665 968 3722 40,
990 3665 1051 3711 4044
1074 3661 1091 3712 h
1111 3665 1152 3724 44,
1173 3662 1280 3726 dequo

102 3747 238 3800 swohoda
254 3763 281 3814 p.
292 3751 324 3798 00
342 3761 512 3814 nequaquam
531 3749 604 3799 recta
621 3744 755 3798 iudicasse
773 3745 840 3797 mihi
856 3745 973 3798 videtur.

173 3835 200 3885 P.
221 3838 271 3884 440
289 3847 316 3887 0.
338 3838 368 3884 04
389 3847 414 3884 ν.
429 3838 470 3887 00.
491 3837 522 3885 00
542 3833 636 3884 duhito
654 3846 720 3884 num
738 3834 811 3885 reete
829 3833 1018 3899 suppleverim,
1039 3845 1101 3885 nam
1119 3829 1282 3905 4000044400-

101 3937 148 3979 τος
166 3933 218 3974 vox
235 3921 395 3972 recentioris
411 3921 505 3972 0000440
523 3933 583 3971 0000
601 3919 716 3971 04410000.
1177 3967 1181 3976 ,

174 4008 202 4058 P.
217 4011 266 4058 440
285 4021 312 4058 0.
327 4011 368 4059 tt.
403 4006 501 4072 Lepida
513 4007 603 4058 denuo
621 4018 732 4058 excusso
750 4005 795 4057 ad.
809 4005 839 4056 li.
855 4007 884 4056 l..
899 4005 980 4057 4440100
998 4004 1136 4058 Alianual
1154 4005 1183 4056 04
1193 4005 1281 4056 Greek

103 4093 281 4159 inscriptions
298 4106 324 4158 p.
346 4095 394 4143 440
412 4105 472 4158 sqq.
509 4092 592 4144 Cuius
610 4091 671 4143 llhri
695 4091 808 4158 plagulis
830 4105 892 4142 cum
910 4092 982 4142 notis
1000 4091 1161 4157 quibusdam
1180 4091 1281 4142 liiclrsii

102 4179 305 4245 manuscriptis,
325 4191 394 4244 quae
406 4178 441 4229 ad
453 4177 636 4230 difficiliorem
647 4178 818 4244 quorundam
836 4178 958 4229 locorum
977 4177 1106 4230 lectiones
1118 4179 1282 4244 spectarent,

104 4267 140 4318 ad
159 4279 188 4318 se
207 4265 371 4317 transmissis
388 4277 456 4316 neus
473 4265 603 4329 licehler,
623 4265 688 4315 item
707 4267 802 4330 ectypo
820 4264 962 4316 chartaceo
979 4263 1014 4318 ah
1032 4265 1148 4317 ilenrico
1166 4264 1281 4314 Jackson

102 4351 316 4416 cantabrigiensi
333 4353 461 4417 accepto,
488 4351 573 4402 edidit
591 4351 620 4403 C.
640 4352 662 4401 1.
680 4349 733 4402 Ait.
754 4352 793 4415 11,
812 4353 877 4414 044,
903 4349 995 4402 addito
1018 4351 1104 4402 altero
1122 4349 1280 4416 fragmento,

102 4439 178 4505 quod
196 4437 307 4489 Athenis
330 4437 364 4488 ad
382 4437 489 4488 llissum
513 4439 654 4489 inventum
672 4436 833 4487 adservatur
853 4433 880 4486 in
899 4436 1045 4501 hypogaeis
1062 4438 1150 4488 musei
1167 4437 1283 4490 societa-

104 4529 140 4576 tis
163 4523 392 4588 archeeologicae.
429 4524 516 4588 Atque
543 4523 611 4576 haec
638 4525 665 4574 in
692 4525 784 4574 nostro
811 4521 934 4587 exemplo
958 4523 1138 4574 0014004040οἰ
1164 4523 1282 4574 aditione

1028 4625 1077 4676 th*
