3082 5054
234 335 295 398 368
741 340 804 390 Pars
822 341 903 404 prior.
1083 309 1085 316 Ι
1329 413 1332 420 ⁴
1360 341 1418 405 [tis

319 537 491 627 προδήσειμ
511 545 609 606 πᾶσαν
631 539 684 627 τὴν
703 545 705 626 ί
723 544 765 614 είς
788 539 864 607 αὐτὰ
879 537 1014 627 δαπάνην
1029 543 1136 627 καίπερ
1152 539 1244 608 αύτῶι
1257 545 1418 630 προκειμέ-

258 659 306 708 130
317 667 375 708 νων
383 645 409 688 ²⁷
418 645 421 728 ί
431 639 484 708 ούκ
500 640 671 728 ἐλασσόνωγ
684 648 800 730 χρυσῶν
815 638 835 729 ἢ
850 645 955 730 χιλίων
970 643 1021 708 καί
1033 645 1252 730 πεντακοσίρίων,
1267 646 1319 710 καί
1330 643 1418 722 εύδύς

319 747 442 832 ἐνέγκας
453 747 495 819 είς
505 742 558 831 τήν
571 747 743 831 ύκμλησίαν
758 751 887 833 χρυσοῦς
900 766 903 832 γ
917 741 1127 820 πεντακοσίους
1145 748 1188 820 είς
1198 745 1267 822 τούς
1280 744 1419 838 ἀρραβῶ-

319 872 383 930 νας,
397 846 525 914 ἀπέδοτο
535 845 641 934 adaiae
652 847 689 915 τὰ
700 849 774 936 ἔργα
784 846 840 914 ὑπὸ
849 847 977 936 κήρυκα,
993 850 1044 915 καί
1054 847 1209 936 παράἳδτὸ
1221 847 1274 937 τήν
1287 847 1418 938 ύρίδμη-

320 945 373 1036 ,ίσιν
388 947 575 1037 ποιήσασθαι
589 953 619 1024 ἐξ
635 951 755 1037 ἑτοίμου
767 949 834 1026 τούς
846 947 975 1038 Ιἐργιύνας
987 950 1040 1019 ούκ
1052 949 1147 1039 ύλίίγα
1158 949 1303 1040 χρήματα
1316 979 1418 1042 περιε-

259 1064 306 1124 iai
320 1054 428 1139 ποίησε
442 1059 491 1140 τῆι
505 1050 606 1120 πόλει·
634 1053 679 1120 ἔτι
701 1053 734 1119 δὲ
748 1055 873 1141 πολίΙλῶν
892 1057 1029 1143 appamia
1044 1053 1302 1140 ἐγκαταλιπόντων
1317 1054 1355 1123 τὰ
1369 1057 1419 1144 ἔρ-

320 1181 361 1242 γα
384 1155 587 1244 Πρωγτογένης
602 1161 652 1243 rip
672 1153 759 1223 πόλει
772 1153 809 1223 τὰ
825 1157 878 1242 μὲν
903 1157 978 1245 ἔργα
998 1153 1086 1231 αὐτὸς
1111 1161 1326 1244 συντελέγσατο,
1354 1157 1421 1226 διοί-

319 1285 426 1344 πτωμα
444 1259 482 1325 ’δὲ
504 1264 559 1325 τῶι
581 1257 680 1346 δήμων
703 1256 788 1326 otest
811 1256 992 1348 ἀνήΙνεγκεν,
1018 1257 1177 1334 ἀναλώσας
1199 1285 1231 1327 τε
1254 1263 1297 1334 είς
1319 1259 1421 1350 ἇμφύ-

320 1387 393 1449 τερα
418 1359 456 1428 τὰ
483 1362 568 1450 τείχη
591 1364 595 1448 Ι
619 1367 749 1451 χρυσοῦς
775 1364 891 1450 χιλίους
918 1364 1130 1438 πεντακοσίους
1151 1363 1203 1429 καί
1228 1361 1262 1429 τὸ
1282 1368 1419 1431 πλεῖστον

258 1483 306 1532 140
316 1463 326 1552 ίί
341 1461 487 1538 διαλύσας
508 1467 630 1554 χρυσίον
654 1467 814 1549 ἐκομίσατο
843 1461 957 1553 χαλκὸν
987 1467 1022 1530 ἐκ
1042 1467 1302 1553 τετραίκοοίωνίί·
1330 1491 1420 1534 κατε-

322 1563 450 1634 σκεύασε
479 1567 512 1633 δὲ
539 1569 591 1634 καὶ
620 1565 688 1642 τοὺς
717 1563 847 1654 πύργους
873 1573 972 1642 κακῶς
1009 1570 1223 1653 διίακειμίνους
1250 1567 1319 1642 τοὺς
1345 1568 1420 1658 πρὸς

320 1673 385 1744 ταῖς
412 1666 558 1756 μεγάλαις
579 1667 686 1744 πύλαις
717 1667 920 1758 ἂμίφοτέρους.
938 1668 989 1736 καί
1014 1667 1066 1757 τὸγ
1088 1669 1346 1759 Καδηγήτορος80
1367 1675 1420 1740 καὶ

320 1771 373 1859 τὸγ
402 1771 480 1840 κατὰ
512 1770 565 1859 τήν
583 1779 586 1857 i
604 1771 746 1860 ἁραξιτὸγ
778 1771 830 1839 καί
858 1771 908 1840 τὸν
933 1769 1143 1861 Ἐπιδαυρίου·
1171 1771 1353 1842 ἐπεσκεύασε
1387 1775 1422 1842 δὲ

260 1888 307 1938 145
318 1875 328 1963 ii
339 1874 391 1940 καί
416 1874 449 1941 τὸ
485 1873 655 1964 σιτ’βολον,
688 1871 889 1942 κατεσκεύασε
916 1875 950 1941 δὲ
976 1877 1028 1942 καί
1056 1873 1113 1962 τὸμ
1140 1880 1270 1958 πυίλῶνοι
1294 1875 1344 1944 τὸν
1371 1881 1422 1944 ἐπὶ

319 1983 372 2046 τοῦ
396 1977 580 2065 δείγματος·Ι
596 1977 641 2045 ἔτι
664 1979 697 2046 δὲ
719 1982 773 2066 τῆς
794 1975 910 2052 πόλεως
927 1979 930 2064 ί
948 1984 1061 2046 ναῦλον.
1072 1976 1215 2066 τελούσης
1230 1983 1291 2054 τοῖς
1314 1974 1422 2068 ἄγουσι

321 2080 388 2156 τούς
411 2083 515 2156 λίθους
539 2078 677 2168 ίδιιύίταις
707 2077 758 2150 διὰ
785 2079 818 2148 τὸ
848 2078 884 2146 τὰ
907 2083 998 2146 πλοῖα
1019 2077 1057 2146 τὰ
1080 2077 1210 2167 δημόσια
1232 2089 1331 2157 κακῶς
1354 2087 1422 2150 δια-

260 2201 307 2252 150
318 2185 448 2270 κεῖσίδαι
468 2185 519 2250 καί
543 2185 638 2271 μηδὲν
661 2185 742 2272 ἔχειν
764 2190 822 2250 τῶν
846 2180 993 2270 ἀρρένων,
1019 2184 1216 2270 ἐπηγγείλατο
1230 2185 1240 2272 ii
1254 2185 1305 2250 καὶ
1327 2193 1423 2254 ταῦτα

323 2293 527 2368 κατασκευᾶν,
553 2283 711 2360 ἀναλύσας
733 2283 759 2352 τ’
786 2289 828 2360 είς
850 2291 944 2352 ταῦτα
961 2287 965 2370 Ι
981 2282 1078 2351 πάντα
1099 2291 1229 2374 χρυσοῦς
1252 2291 1423 2364 διακοσίους

320 2386 407 2478 λύγον
435 2383 542 2477 ἤνεγκε
568 2390 781 2477 παραίχρῆμα·
815 2383 854 2454 ὧν
884 2390 982 2454 ἕνεκεν
1007 2384 1023 2454 ὃ
1046 2391 1140 2474 δῆμος
1161 2387 1306 2465 πολλάκις
1329 2389 1423 2480 αύτδγ

320 2492 371 2559 καί
388 2495 392 2579 ί
408 2489 550 2580 πρότερον
573 2489 787 2579 ἐστεφανωκὼς
809 2492 859 2556 καί
882 2488 949 2560 τότε
971 2486 1176 2578 ἐστεφάνωσεν
1194 2495 1197 2579 ί
1215 2495 1264 2559 ἐπὶ
1293 2498 1344 2580 τῆι
1367 2500 1423 2562 τοῦ

260 2592 412 2682 155λύγου
435 2592 598 2668 ἀποδείξει·
627 2595 672 2661 ἔτι
695 2595 728 2660 δὲ
755 2599 861 2680 λοιπῆς
887 2587 980 2679 ούεης
1001 2593 1011 2681 ΙΙ
1032 2590 1245 2661 ἀσυντελέστου
1267 2600 1321 2682 τῆς
1344 2593 1423 2663 κατὰ

235 2857 373 2906 contracta
391 2855 418 2904 iu
437 2853 520 2904 titulis
538 2857 620 2905 trium
638 2859 837 2919 postremorum
861 2867 885 2904 a.
906 2851 969 2902 Chr.
995 2853 1167 2904 saeculorum
1186 2856 1251 2905 satis
1270 2853 1422 2921 frequentia

235 2943 306 2991 sunt.
343 2939 459 2990 Hermae
477 2939 535 2990 XVi
553 2953 580 3006 p.
596 2943 644 2988 iia
664 2941 721 2990 not.
742 2943 765 2990 t.
877 2943 909 2988 ti
929 2939 958 2988 ln
977 2941 1150 2989 antecessum
1175 2939 1231 2990 dati
1249 2939 1423 2993 debebantur

235 3025 376 3089 Protogeni
395 3023 469 3074 mille
486 3027 623 3090 quingenti
642 3026 728 3076 aurei.
761 3025 799 3075 De
818 3019 969 3092 προκεῖσδαι
987 3023 1022 3075 ci.
1042 3027 1097 3074 not.
1119 3027 1160 3074 is.
1189 3025 1341 3077 Boeckbius
1358 3029 1424 3092 quia

234 3125 260 3164 ν.
282 3113 330 3161 its
349 3112 532 3175 impensarum
552 3112 579 3161 iu
598 3110 740 3162 moenibus
758 3103 932 3160 restituendis
951 3107 1079 3160 iacturum
1099 3109 1194 3160 eadem
1212 3123 1319 3162 summa
1337 3111 1423 3164 inissa

235 3197 341 3258 dicitur,
370 3195 442 3246 hunc
464 3195 555 3246 locum
579 3197 619 3247 sic
643 3195 815 3262 interpretari
840 3194 956 3262 metuite
979 3194 1041 3246 ‘etsi
1059 3197 1082 3246 ei
1097 3199 1245 3260 propositus
1263 3203 1329 3249 assei
1347 3211 1423 3248 eum-

234 3287 295 3345 prm
312 3283 340 3331 in
358 3294 416 3332 eam
432 3294 489 3332 reru
505 3281 640 3345 sociamus
658 3294 799 3332 aureorum
822 3280 892 3330 utilia
909 3281 1128 3345 pniapeetoram'.
1166 3283 1199 3332 At
1226 3285 1352 3348 sumptus
1380 3282 1423 3335 ia-

235 3366 324 3418 ciendi
352 3369 425 3418 notio
450 3380 583 3432 nusquam
609 3369 636 3418 in
661 3367 711 3417 boc
734 3367 872 3418 enuntiato
898 3367 1072 3430 exprimitur,
1102 3381 1190 3432 neque
1215 3365 1368 3435 προκεῖσθαι
1396 3369 1423 3420 id

237 3451 365 3518 significat
398 3452 472 3518 quod
506 3451 656 3504 Boeckhius
691 3452 757 3503 vult.
881 3453 912 3500 28
948 3451 1007 3502 Non
1045 3455 1242 3516 ‘praeterquam
1271 3455 1360 3516 puod',
1393 3459 1424 3506 ut

236 3537 387 3589 Boecirhiua
411 3538 615 3603 interpretatur,
642 3537 690 3588 sed
716 3537 866 3602 ‘propterea
889 3538 967 3601 puod’
999 3541 1160 3604 praepositio
1184 3538 1235 3589 boc
1259 3538 1319 3590 loco
1339 3540 1421 3591 vaiet.

236 3625 341 3689 Nempe
371 3623 435 3687 quia
464 3625 633 3688 praesentem
663 3625 806 3689 pecuniam
836 3623 1018 3689 accipiebant,
1050 3625 1154 3674 minore
1183 3625 1309 3675 mercede
1339 3639 1424 3692 opera

235 3707 396 3772 efficiebant,
428 3721 510 3772 quam
540 3709 562 3759 si
592 3709 801 3774 exspectandum
832 3707 925 3760 fuisset
953 3709 1019 3760 dum
1049 3711 1144 3760 civitas
1173 3709 1327 3775 persolvere
1357 3723 1425 3778 pos-

236 3797 285 3846 set.
323 3794 420 3859 Neque
447 3805 515 3859 opus
542 3797 584 3845 est
608 3797 664 3852 τοῖς
691 3791 811 3863 ἐργώναις
829 3793 983 3854 emendare,
1011 3807 1072 3845 nam
1091 3807 1176 3859 quum
1196 3795 1360 3859 Protogenes
1378 3811 1426 3847 re-

235 3880 422 3946 demptoribus
440 3881 594 3944 praesentes
612 3881 741 3944 pecunias
759 3882 938 3942 numerasset,
958 3879 987 3929 bi
1005 3893 1099 3932 rursus
1117 3881 1248 3946 operariis
1266 3882 1424 3933 mercedem

236 3967 294 4017 sine
307 3979 382 4016 mora
395 3963 500 4016 solvere
514 3965 645 4030 poteraut.
711 3967 743 4015 ts
756 3963 794 4014 Ci.
810 3967 866 4015 not.
881 3967 922 4014 κο.
996 3967 1026 4014 ³⁰
1039 3961 1103 4017 καθ’
1115 3959 1425 4036 ἯγίγτοροςΒοεοκδίυε

236 4051 394 4116 intellegens
412 4047 478 4101 κατὰ
495 4047 542 4117 τὴν
557 4042 701 4121 Ἡγήτορος
724 4047 804 4102 οίιιίαν
828 4050 882 4112 (aut
905 4047 972 4102 κατὰ
989 4049 1018 4101 τὸ
1033 4043 1176 4121 Ἡγήτορος
1195 4049 1276 4120 ίερόν,
1296 4051 1319 4102 si
1338 4052 1424 4104 beroa

237 4151 318 4203 quam
345 4137 482 4187 bominem
510 4137 625 4187 statuere
649 4135 747 4198 maiis).
791 4135 823 4186 ut
841 4137 871 4185 ut
889 4139 962 4186 recte
985 4138 1012 4186 et
1033 4139 1175 4202 perspicue
1199 4137 1299 4187 dicitur
1316 4135 1343 4188 ἐν
1362 4135 1425 4190 Διο-

236 4220 322 4285 νύσου,
343 4223 405 4286 quia
423 4223 586 4287 praepositio
606 4217 632 4272 ta
651 4223 803 4286 genetivum
825 4233 919 4284 regere
944 4233 998 4272 non
1017 4221 1118 4287 potest,
1140 4225 1179 4273 sic
1195 4219 1260 4275 καθ’
1275 4217 1422 4293 Ἡγήτορος

237 4307 352 4371 eliiptica
371 4307 424 4358 dici
443 4319 497 4358 non
523 4307 586 4358 licet
603 4307 662 4358 sine
680 4307 793 4356 articulo
811 4308 922 4372 propter
946 4305 1158 4371 ambiguitatem.
1197 4309 1283 4358 immo
1301 4311 1331 4358 ut
1349 4309 1423 4374 apud

238 4393 313 4446 Dem.
332 4393 412 4454 XIX,
437 4395 487 4442 tis
512 4393 625 4457 legimus
643 4391 706 4459 πρδε
724 4391 767 4460 τῷ
784 4393 829 4442 τοῦ
846 4389 904 4459 ἥρω
920 4395 966 4445 τοῦ
986 4392 1080 4464 ἰατροῦ,
1102 4394 1137 4444 ita
1157 4391 1201 4444 bic
1220 4394 1247 4442 in
1266 4393 1362 4446 eadem
1380 4395 1424 4445 el·

236 4478 297 4542 lipsi
316 4476 490 4530 scribendum
509 4475 559 4528 tuit
575 4476 618 4529 τδν
636 4473 702 4528 κατὰ
718 4473 752 4528 τὸ
766 4470 918 4545 Ἡγήτορος.
