3110 5056
267 325 327 386 170
773 323 836 374 Pars
853 325 936 388 prior.
1354 323 1442 386 [roe.-
1532 345 1533 362 .

349 551 402 594 νου
427 523 590 593 Ἀπόλλωνι
613 523 736 614 Ὶητρῶι
744 529 767 608 ²,
790 525 795 613 Ι
815 523 973 611 ἀνέθηκεν,
1006 522 1183 600 Λαόναονος3
1211 518 1356 614 ἄρχοντος
1385 525 1444 590 Bo-

321 649 336 698 5
350 627 462 718 απόρο4
482 629 487 718 Ι
507 630 557 696 καὶ
573 631 759 716 ecetesiam
781 629 832 696 καὶ
855 625 1064 718 βασιλεύοντος
1078 630 1222 712 Σινδῶνθ,
1239 629 1250 717 ll
1264 628 1441 715 lopecino,

350 734 555 822 Δανδαρίωνθ,
582 733 745 819 Ψηααῶνθ.
1005 761 1011 790 i

276 877 420 886 ———-—·

264 965 355 1028 postea
383 961 464 1026 gessit
487 961 571 1026 ipsius
595 961 663 1024 regis
687 959 836 1012 Paerisadis
861 961 881 1010 ll
906 959 978 1010 iilius
1002 961 1091 1010 Leuce
1108 959 1230 1022 (Bullatin
1253 958 1286 1009 de
1306 959 1329 1008 la
1348 959 1446 1008 secieto

264 1047 466 1111 d’llrcbeologie
485 1049 513 1097 et
529 1047 564 1097 <le
577 1045 795 1110 Numismatique
808 1045 842 1096 de
853 1046 891 1096 st.
907 1045 1083 1108 Petersbourg
1103 1047 1167 1096 isti
1187 1058 1213 1110 p.
1230 1049 1282 1108 tt).
1341 1043 1445 1109 tepol-

264 1134 346 1184 linem
366 1133 533 1197 Panticapaei
553 1133 697 1197 praecipue
721 1130 825 1182 cultum
843 1135 951 1196 praeter
974 1131 1066 1182 titulos
1085 1131 1152 1194 (not.
1174 1133 1198 1195 t)
1219 1131 1323 1180 nummi
1341 1130 1444 1180 docent.

264 1219 302 1271 Gi.
322 1219 465 1270 Nenmann
485 1217 553 1269 llell.
574 1219 611 1266 im
629 1217 768 1282 Skythenl.
790 1218 801 1267 l
823 1231 850 1282 p.
870 1221 919 1268 ist
938 1231 998 1282 sqq.
1104 1221 1118 1265 8
1144 1217 1295 1267 Leuconem
1319 1215 1444 1280 primum,

263 1305 351 1369 Satyri
370 1304 387 1354 l.
407 1303 618 1368 intellegendum
636 1315 696 1353 csse
719 1316 782 1353 cum
807 1303 939 1355 dialectos
957 1305 1059 1366 ionica,
1078 1306 1136 1354 tum
1154 1303 1342 1366 genetivornm
1363 1293 1447 1352 Δεινο-

264 1388 363 1461 ατράτο,
385 1386 503 1458 Βοσπόρο
522 1390 654 1454 scripture
673 1389 761 1440 docet.
788 1389 817 1439 B.
925 1391 939 1438 t
965 1388 1004 1440 Gi.
1024 1389 1100 1442 Dem.
1121 1389 1181 1450 XX,
1208 1391 1240 1437 it
1265 1382 1392 1440 Attanae
1407 1383 1447 1436 τὸν

263 1473 375 1548 ἄρχοντα
399 1471 543 1545 Βοσπόρου.
581 1475 693 1540 Bospori
721 1475 846 1539 nominc,
877 1475 951 1540 quod
975 1475 1087 1541 reliquis
1111 1475 1221 1527 Graecis
1244 1473 1446 1538 Panticapaeum

264 1561 412 1626 significat,
439 1563 489 1627 ipsi
513 1562 616 1613 incolae
641 1573 735 1612 omncs
760 1562 876 1612 Graecas
900 1562 974 1626 regni
998 1562 1145 1626 Bosporani
1171 1561 1293 1611 civitates
1320 1559 1449 1622 (Pantica-

264 1662 372 1714 paeum,
393 1648 590 1714 Nymphaeum,
611 1647 816 1712 phanagoriam,
837 1648 1054 1712 Hermonassam,
1074 1647 1150 1708 alias)
1173 1643 1447 1712 comprehendebant,

264 1737 376 1799 excepta
395 1733 555 1785 Theodosia.
582 1735 610 1785 n.
649 1735 814 1784 Graecorum
833 1733 993 1798 archontes,
1015 1733 1194 1784 barbarorum
1219 1745 1296 1796 reges
1313 1729 1449 1780 vocaban-

264 1823 309 1870 tur
326 1821 496 1885 Sparlocidae
516 1819 623 1870 saeculo
641 1823 738 1885 quarto
759 1821 794 1884 (n.
816 1824 875 1884 litt,
895 1823 920 1872 t.
941 1823 966 1869 5.
989 1823 1047 1884 itit,
1068 1824 1092 1869 a.
1113 1823 1136 1870 t.
1159 1823 1218 1881 tot,
1239 1823 1263 1868 2.
1284 1821 1309 1868 ³.
1335 1815 1377 1868 Ci.
1391 1811 1449 1867 Διο-

264 1903 348 1962 νύσιος
367 1905 380 1956 ὁ
400 1901 516 1963 Σικελίας
535 1903 621 1978 ἅρχων
641 1907 682 1966 st,
703 1910 729 1956 7.
750 1911 791 1967 tt,
814 1908 855 1958 is.
876 1909 920 1966 iii,
940 1906 974 1968 8).
1011 1909 1025 1955 n
1044 1905 1194 1956 Theodosia
1212 1903 1323 1969 Bospori
1342 1903 1450 1954 nomine

266 2005 319 2040 non
339 1992 492 2042 continetur
510 1993 572 2056 quia
590 1995 618 2042 et
635 2006 650 2040 a
670 1989 736 2041 ireto
755 1992 884 2041 remotior
901 1993 943 2041 est
960 1993 987 2041 et
1004 2005 1019 2041 a
1038 1992 1160 2042 Leucono
1179 1991 1306 2050 demum,
1326 2002 1389 2040 eum
1408 1989 1450 2038 Sa·

265 2081 342 2142 tyrus
359 2080 436 2144 pater
448 2079 475 2127 in
488 2079 547 2128 eius
556 2077 755 2144 oppugnatione
773 2079 898 2128 mortuus
916 2079 988 2128 esset
1007 2077 1190 2143 (Harpocratic
1209 2090 1231 2128 e.
1245 2072 1380 2139 Θεοδοαὶα)
1401 2075 1450 2124 im·

262 2164 341 2228 perio
358 2164 472 2215 adiecta.
514 2163 598 2224 (Deam
626 2165 687 2226 XX,
708 2163 760 2226 ti).
790 2163 819 2214 B.
857 2163 958 2215 lutrnd.
983 2163 1010 2212 in
1034 2163 1114 2212 inser.
1134 2163 1292 2214 Sarmatiae.
1326 2161 1356 2212 C.
1378 2161 1399 2210 l.
1419 2161 1448 2211 G.

266 2249 326 2300 Vol.
346 2251 368 2300 ll
387 2263 414 2314 p.
435 2253 478 2300 tte.
584 2253 598 2298 6
617 2247 691 2300 Sindi
713 2249 739 2299 iu
759 2263 806 2300 ora
825 2249 902 2300 Ponti
920 2249 1017 2300 Euxini
1035 2249 1168 2300 orientem
1186 2260 1281 2308 versus
1299 2261 1315 2298 a
1331 2248 1450 2312 Bosporo

265 2333 432 2396 incolebant,
459 2335 506 2387 ubi
529 2339 587 2386 erat
608 2339 690 2400 eaput
713 2337 800 2398 gentis
824 2330 929 2405 Σινδιαὴ
953 2335 995 2385 val
1018 2331 1038 2388 Γ
1039 2331 1158 2406 οργιππὶα
1184 2333 1294 2397 (Asopo)
1321 2336 1349 2382 et
1373 2329 1450 2400 λιμὴν

265 2417 379 2480 Σινδιαὺς
402 2421 436 2473 ed
460 2435 491 2473 os
513 2423 601 2472 amnis
628 2421 746 2486 Hypanis
768 2421 891 2485 (Kobara),
918 2421 991 2486 quod
1015 2433 1087 2472 nunc
1110 2421 1223 2470 vocatur
1246 2419 1343 2485 Bupoa.
1379 2419 1409 2469 ii.
1430 2419 1448 2467 l.

264 2507 406 2559 Neumanu
425 2507 553 2558 Strabone
571 2507 681 2568 Quellen
701 2507 738 2556 im
756 2507 838 2557 ellteu
858 2507 939 2557 ituclr.
979 2509 1081 2574 lipsiae
1103 2511 1177 2558 titel.
1197 2520 1224 2572 p.
1247 2509 1286 2554 ⁴9.
1389 2509 1402 2554 ‘t
1422 2505 1450 2554 ln

265 2594 353 2644 littore
371 2593 504 2643 orientem
524 2605 619 2643 versus
637 2607 652 2642 a
670 2592 767 2642 Sindis.
805 2593 914 2644 Boeclb
931 2593 1032 2644 Introd.
1058 2607 1085 2658 p.
1107 2597 1164 2644 tto.
1236 2591 1322 2656 slpsi
1341 2603 1450 2656 quoque

265 2679 346 2729 vicini
363 2678 462 2742 Siudis,
482 2682 509 2729 in
528 2692 589 2729 eam
607 2679 745 2742 regionem
765 2691 859 2728 versus
878 2693 948 2744 quae
961 2682 1065 2744 spectat
1083 2679 1153 2729 inter
1170 2677 1302 2728 orientem
1320 2677 1408 2728 solem
1426 2679 1452 2725 ei

265 2767 472 2829 septentriones.
509 2763 586 2815 Certe
604 2765 631 2814 in
650 2765 717 2816 locis
734 2761 861 2816 demissis
885 2777 939 2815 non
957 2765 1034 2828 longe
1052 2764 1086 2816 ab
1106 2763 1210 2830 Hypani
1233 2763 1317 2814 fluvio
1334 2775 1385 2814 eos
1403 2763 1451 2812 be·

264 2849 363 2901 bitasse
382 2849 484 2900 indicat
500 2849 595 2899 Strabo
613 2851 650 2901 Xl
669 2865 696 2915 p.
718 2853 783 2901 iss:
802 2845 940 2919 Φαρνάκης
958 2849 986 2902 δέ
1003 2865 1064 2901 ποτε
1081 2847 1124 2900 καὶ
1141 2849 1184 2900 τὸν
1193 2839 1297 2900 Ὕπανιν
1315 2853 1371 2907 τοῖς
1385 2844 1451 2901 Δαν-

266 2931 360 3002 δαρῑοις
379 2933 514 3005 ἐπαγαγεῖν
533 2933 633 3004 λέγεται
655 2933 696 2986 διά
718 2952 787 2994 τινος
809 2934 917 2994 παλαιᾶς
941 2933 1079 3008 διώρυχος,
1106 2932 1269 3005 ἀνακαθάρας
1288 2931 1386 3004 αὐτήν,
1409 2933 1451 2986 καὶ

264 3017 421 3072 κατακλύσαι
432 3019 480 3090 τὴν
492 3022 587 3091 χώραν.
613 3022 640 3074 B.
661 3036 689 3087 p.
705 3025 763 3074 itt.
834 3023 945 3086 tPrope
959 3021 1168 3073 Hermonassam
1185 3021 1280 3072 urbem
1299 3021 1450 3072 secundum

264 3107 457 3172 Apollodorum
475 3108 547 3172 apud
566 3108 655 3172 Steph.
676 3109 737 3172 Byz.
759 3104 869 3176 Ψηοαοί.
902 3107 993 3158 ΡααΙΙο
1011 3105 1153 3158 obscurius
1170 3121 1263 3158 eorum
1281 3105 1363 3158 sedes
1382 3107 1452 3158 indi-

265 3196 309 3243 cat
327 3193 495 3246 Ptolemaeus
515 3194 543 3254 V,
565 3199 589 3258 ν,
609 3195 682 3259 apud
700 3207 781 3260 quem
802 3189 911 3263 Ψὴααιοι
930 3195 1069 3244 vocantur.
1095 3193 1122 3243 Β.

1297 3369 1449 3378 ———--

353 3482 417 3550 101
447 3487 597 3550 Columna
627 3487 742 3568 lapidis
773 3489 922 3552 Pentelici
951 3509 1022 3552 cum
1049 3487 1246 3569 anaglypho,
1285 3485 1386 3550 fracta
1419 3489 1450 3548 in

265 3587 345 3651 duas
367 3599 486 3670 partes,
512 3591 641 3652 invente
665 3591 699 3652 in
722 3592 860 3654 Piraeeo.
907 3590 989 3654 Edd.
1016 3589 1211 3654 Kumanudis
1228 3584 1392 3673 Ἀθηναίου
1415 3589 1450 3649 Vl
1532 3583 1533 3644 ᾖ

265 3712 297 3773 p.
326 3691 386 3755 ⁴52
410 3712 481 3774 sqq.
528 3693 576 3754 Ex
603 3694 746 3756 Koehleri
777 3695 958 3776 apographo
993 3694 1030 3756 Α.
1061 3693 1210 3757 Sebaeier
1239 3695 1318 3756 lius.
1348 3695 1446 3755 Rhea.
1532 3753 1533 3770 ,

264 3797 390 3857 XXXlll
412 3816 445 3877 p.
471 3795 532 3857 llss
555 3815 625 3877 sqq.
1532 3791 1533 3798 '

335 4019 448 4071 Litterae
465 4020 588 4085 volgares
606 4021 722 4072 lonicae.
759 4022 804 4072 Vs.
826 4025 850 4072 t.
871 4025 886 4070 t
911 4021 995 4072 multo
1014 4023 1131 4072 maiores
1150 4022 1251 4073 litteras
1275 4019 1374 4072 babent
1392 4023 1452 4072 eta
1532 4051 1533 4104 q

266 4106 377 4172 reliquis
400 4109 463 4158 octe
486 4119 616 4158 versuum
635 4119 721 4158 vacuo
744 4107 831 4172 spatio
853 4106 1026 4157 dirimuntur.
1065 4106 1176 4172 italique
1200 4107 1292 4158 omnia
1316 4105 1451 4177 στοιχηδὸν
1532 4123 1533 4166 y

266 4194 364 4256 scripte
383 4197 456 4257 sunt,
476 4192 525 4243 sed
543 4193 706 4258 praescripta
730 4207 756 4244 v.
777 4196 853 4242 3—‘1
879 4193 964 4243 multo
987 4193 1124 4244 diductius
1146 4205 1232 4258 quam
1252 4194 1307 4259 ipsa
1331 4193 1451 4244 decreta.

265 4277 312 4329 Va.
335 4282 365 4328 ts
384 4278 431 4333 fin.
452 4280 526 4332 ΕΙΝΠ
545 4279 626 4330 trium
645 4277 796 4330 litterarum
816 4279 904 4328 locum
924 4281 1032 4341 lenem,
1056 4293 1083 4330 ν.
1104 4283 1135 4329 tt
1154 4282 1221 4330 extr.
1245 4278 1360 4330 duarum
1380 4279 1452 4328 litte-

266 4376 357 4415 rarum
377 4365 462 4428 epatu
480 4377 564 4416 vacua
583 4363 677 4416 relicta
695 4367 767 4416 sunt.
793 4363 950 4432 Ubicunque
968 4381 985 4416 α
1002 4369 1051 4416 aut
1069 4362 1083 4416 δ
1100 4365 1179 4417 uncis
1199 4365 1324 4418 rotundis
1341 4364 1450 4423 inclusi,

267 4453 288 4504 Λ
306 4454 402 4502 nutat.
