3086 5066
257 302 320 368 568
754 300 818 350 Pers
836 300 930 350 altera.
1377 298 1439 365 [m

344 497 480 590 ἄσχημον
510 501 587 588 μηδὲ
616 494 718 568 ἄδικον
746 499 883 588 ποιήσειν
910 501 960 566 ἐπί
989 496 1154 566 καταλιίσει
1173 505 1233 566 τῶν
1263 503 1438 588 μυστηρίων

317 605 422 693 ῠρηδὲ
444 597 541 672 ἄλλωι
562 606 745 691 ἐπιτρέψειν,
774 601 853 670 ἀλλὰ
874 599 1158 690 κατακολουίβησειν
1180 605 1242 676 τοῖς
1263 606 1440 691 γεγραμμέ-

343 735 416 792 νοις,
442 708 600 794 ἐξαρκίσειν
625 705 658 772 δὲ
690 705 743 772 καί
771 701 824 780 τὰς
854 703 935 794 ἱερὰς
963 705 1014 772 καί
1042 701 1091 771 τὸν
1123 707 1187 791 ίερῆ
1210 703 1289 771 κατὰ
1309 705 1343 772 τὸ
1365 703 1438 772 διά-

341 815 500 899 γραμμαί.
545 807 717 897 εὐορκοῦντι
746 810 802 895 μέν
833 833 884 894 μοι
912 806 960 894 εἴη
984 802 1004 873 δι
1033 809 1094 882 τοῖς
1123 805 1295 895 silescere,
1328 813 1437 896 ἐριορ-

342 920 444 981 κοῶντι
471 912 504 978 δὲ
532 909 685 978 τάναντία.
732 908 768 976 ἂν
800 912 833 976 δέ
861 935 905 984 τις
934 907 974 996 μὴ
1003 911 1088 976 ottae
1115 907 1252 997 ὀμνύειν,
1285 909 1440 998 ζαμιοιίτω

344 1017 493 1104 δραχμαῖς
520 1015 634 1102 χιλίαις
663 1014 715 1080 καί
745 1007 835 1080 ἄλλον
865 1010 930 1079 ἀντί
957 1009 1064 1080 τούτου
1090 1009 1287 1102 ιιλαρωσιίίτω
1315 1017 1352 1080 ἐκ
1383 1019 1439 1088 τᾶς

258 1163 259 1166 =
346 1117 439 1192 αι’)τᾶς
461 1120 570 1204 ρυλᾶς.
615 1114 669 1191 τὰς
691 1117 726 1182 δὲ
750 1112 831 1204 ἱερὰς
853 1111 995 1202 δριιιίέτω
1017 1115 1034 1180 δ
1057 1111 1153 1202 ίερεδς
1174 1115 1226 1181 καί
1248 1119 1278 1182 οί
1308 1114 1384 1204 ἱεροί
1404 1120 1439 1182 ἐν

343 1227 399 1288 τῶι
428 1223 514 1308 ίερῶι
537 1225 590 1286 τοῦ
613 1217 763 1306 Καρνείου
790 1223 841 1285 τᾶι
866 1214 1009 1306 πρότερον
1036 1215 1148 1305 ἁμέραι
1175 1221 1235 1284 τῶν
1259 1219 1439 1307 μυστηίρίων

343 1320 391 1390 τδν
421 1319 510 1388 αιίτδν
531 1314 638 1410 ὅρκον,
667 1321 720 1388 καί
744 1319 1008 1408 ποτείορκιζόντω·
1038 1318 1219 1406 πεποίημαι
1241 1321 1274 1386 δὲ
1295 1321 1349 1387 καί
1369 1323 1441 1388 πατί

342 1423 392 1492 τὸν
408 1418 503 1512 ἄνδρα
516 1420 571 1490 τὰν
594 1423 755 1511 συμβίωσιν
778 1420 869 1498 ὁσίως
890 1423 942 1488 καί
964 1419 1132 1496 cisalo&
1160 1420 1214 1488 τὰν
1237 1423 1271 1488 δὲ
1287 1420 1344 1509 ufir]
1359 1426 1364 1503 Ι
1381 1426 1440 1490 δέ·

345 1533 455 1594 λουσαν
488 1523 607 1612 ὀμνύειν
640 1522 808 1612 ζαμιοίντω
841 1527 869 1590 ol
903 1525 978 1612 ἱεροί
1004 1527 1155 1613 δραχμαῖς
1182 1527 1295 1612 χιλίαις
1317 1527 1370 1592 καί
1393 1525 1437 1613 μὴ

304 1645 336 1695 10
346 1625 542 1718 ἑπιτρεπόντω
564 1631 707 1695 ἐπιτελεῖν
729 1624 767 1694 τὰ
792 1624 870 1694 κατὰ
891 1626 944 1702 τὰς
965 1629 1073 1703 θυσίας
1096 1627 1173 1714 μηδὲ
1196 1629 1357 1717 ρετίέβχειν
1379 1637 1439 1696 τῶν

345 1733 531 1820 μυστηρίων,
563 1733 595 1796 αἱ
624 1731 658 1797 δὲ
684 1728 833 1816 δμόσασαι
865 1727 1071 1796 δπιτελσιίντω.
1118 1733 1146 1796 οἱ
1180 1730 1213 1797 δὲ
1242 1735 1441 1818 γεγενημένοι

346 1833 420 1923 ίεροί
447 1835 499 1901 καί
527 1834 606 1920 [epol
631 1835 663 1899 ἐν
688 1839 745 1899 τῶι
770 1835 908 1919 πέμπτωι
935 1831 988 1898 καί
1012 1836 1233 1918 πιιντηιιοστῶια
1252 1833 1258 1920 Ι
1276 1834 1338 1900 ἔτει
1359 1831 1439 1922 δμο-

345 1935 442 2004 σάντω
463 1934 512 2003 τὸν
536 1934 624 2004 αιἰτδν
644 1929 734 2024 δριιον
757 1939 788 2003 ἐν
809 1941 863 2002 τῶι
884 1931 1046 2002 ίνδεκσίτωι
1061 1933 1153 2021 μηνί7
1174 1932 1231 2023 πρὸ
1246 1941 1306 2002 τῶν
1323 1963 1441 2024 μυστη-

346 2041 428 2128 ρίων.
475 2037 735 2126 Παραδόσιος.
781 2036 836 2105 τὰν
865 2038 898 2103 δὲ
925 2035 1103 2125 ιισίμπτραν8
1131 2038 1184 2104 καί
1205 2035 1267 2126 τὰΙ
1289 2042 1394 2128 βιβλία
1419 2035 1440 2107 ἃ

345 2145 458 2210 δέδωκε
488 2140 734 2228 Μνασίστρατος9
762 2137 968 2228 παραδιδόντα)
999 2142 1028 2206 οἱ
1059 2138 1132 2228 ἱεροί
1153 2143 1214 2215 τοῖς
1236 2143 1441 2210 ἐπικαταστα-

329 2373 342 2419 t
361 2371 381 2419 l.
401 2383 425 2419 e.
446 2367 596 2418 secundum
615 2366 686 2417 hane
704 2366 800 2430 legem.
837 2365 863 2416 S.
971 2369 985 2414 t
1003 2363 1044 2415 Ex
1067 2365 1119 2416 hoc
1135 2365 1312 2417 iurisiurandi
1330 2367 1441 2419 nddlte-

259 2459 350 2507 mento
378 2455 498 2520 apparet,
529 2466 602 2505 nunc
630 2451 741 2518 quidem
769 2448 836 2520 ίεράς
866 2461 919 2501 non
945 2442 1063 2515 intellegi
1089 2451 1143 2501 nisi
1170 2450 1298 2503 mulieres
1328 2455 1439 2518 nuptae.

260 2545 275 2590 d
292 2539 536 2605 Quinquagesimus
554 2539 664 2604 quintus
681 2549 768 2588 annus
786 2535 983 2601 intellegendus
1000 2538 1043 2586 est
1058 2537 1119 2601 post
1129 2536 1261 2588 Achaiam
1278 2537 1306 2587 in
1324 2540 1441 2602 provin-

259 2627 317 2678 ciae
335 2625 450 2676 formem
467 2623 605 2674 redactam
624 2625 684 2686 (sto
702 2637 728 2674 a.
742 2622 816 2685 Chr.)
837 2635 925 2687 equo
943 2625 1064 2687 tempore
1082 2633 1168 2673 annos
1186 2623 1325 2673 numerari
1343 2623 1440 2677 solitos
1537 2627 1538 2684 ζ

260 2723 319 2761 esse
332 2711 360 2760 in
372 2709 464 2760 multis
476 2709 606 2761 Graeciae
618 2707 773 2760 civitatibus
791 2708 930 2759 titulorum
947 2707 1111 2759 testimoniis
1128 2710 1242 2758 constet.
1269 2709 1385 2760 Foueart
1403 2711 1441 2762 ad

261 2795 347 2846 Lebes
364 2795 388 2846 ll
408 2798 490 2845 lito.
527 2792 697 2858 significatur
713 2794 795 2856 igitur
812 2805 899 2844 annus
918 2793 946 2842 tl
969 2805 994 2845 e.
1008 2791 1071 2843 Chr.
1091 2793 1118 2844 Β.
1191 2791 1356 2844 illndscim
1375 2799 1440 2846 ante
1537 2853 1538 2856 Ἴ

261 2882 391 2946 mysterio
403 2878 544 2930 mensibus
557 2878 700 2930 iurandum
713 2877 795 2930 luisse
813 2879 948 2930 existimat
959 2879 1102 2943 Seuppius.
1127 2877 1161 2928 At
1178 2879 1278 2928 rectius
1290 2879 1442 2932 Foucartus

260 2977 405 3017 numerum
423 2965 572 3016 ordinalem
591 2965 709 3016 nominis
726 2965 812 3015 instar
823 2977 884 3016 esse
896 2965 1035 3023 iudicavit,
1057 2977 1139 3028 quern
1152 2975 1256 3014 morem
1269 2967 1352 3016 etism
1366 2967 1442 3018 Pho-

259 3053 398 3114 censium,
418 3051 575 3111 Locrorum,
593 3049 763 3101 Achaeorum
787 3047 869 3100 luisse
887 3051 1006 3111 constat,
1032 3052 1062 3100 ut
1080 3048 1241 3100 undecimus
1262 3050 1326 3100 anni
1351 3052 1441 3104 civilis

263 3137 365 3186 mensis
383 3135 579 3199 intellegendus
597 3137 641 3189 sit.
678 3137 707 3185 In
725 3137 864 3201 posterum
882 3135 1055 3200 praecipitur,
1075 3137 1106 3185 nt
1124 3131 1186 3204 ἱεροί
1202 3137 1348 3201 postquem
1367 3141 1442 3188 sorte
1537 3151 1538 3160 ν

261 3220 400 3272 constituti
418 3224 497 3284 sunt,
517 3220 653 3286 extemplo
674 3221 733 3284 (ul
755 3223 921 3291 παραχρῆμα)
941 3219 1116 3270 iureiurando
1134 3219 1284 3284 adigantur.
1316 3222 1350 3272 At
1367 3235 1441 3276 anno

261 3309 290 3356 tl
312 3318 337 3356 a.
357 3305 432 3367 Chr,
460 3317 515 3370 quo
541 3305 609 3356 haec
635 3305 743 3358 decreta
769 3309 842 3368 sunt,
871 3307 924 3356 iem
950 3306 1088 3356 constituti
1115 3309 1193 3356 erent
1221 3305 1255 3368 (ci
1273 3307 1442 3377 γεγενημένοι

260 3405 286 3440 ν.
303 3391 342 3454 lt)
364 3390 520 3455 nequedum
543 3392 710 3455 iuraverant,
731 3380 815 3456 quere
832 3405 886 3456 quo
905 3394 1025 3456 tempore
1043 3391 1071 3441 id
1089 3390 1142 3441 hcc
1158 3403 1230 3442 anno
1248 3390 1308 3444 fleri
1325 3393 1442 3446 deberet
1537 3427 1538 3430 =

262 3474 448 3528 definiendam
474 3479 540 3528 erat.
579 3477 607 3530 i.
644 3478 778 3543 Ssuppius
801 3487 866 3529 sene
889 3477 948 3526 vice
970 3487 1050 3528 versa
1072 3489 1142 3542 quoe
1159 3480 1238 3527 entea
1256 3479 1357 3544 scripte
1375 3485 1443 3532 sunt
1537 3499 1538 3546 3

262 3561 296 3613 de
314 3563 353 3612 eis
371 3573 441 3626 quae
459 3563 657 3626 inpraesentia
680 3561 802 3614 iacienda
825 3565 930 3624 essent,
960 3561 1012 3612 hoc
1035 3574 1101 3612 vero
1125 3563 1295 3613 enuntiatum
1320 3564 1356 3614 ds
1379 3564 1442 3631 lege
1537 3571 1538 3630 ζ

260 3649 391 3713 perpetua
409 3659 479 3712 qnae
497 3647 682 3712 inposterum
700 3647 802 3700 valeret
819 3646 956 3709 intellexit,
977 3648 1015 3698 ito
1032 3649 1062 3698 ut
1080 3646 1147 3698 haec
1165 3646 1273 3698 lernou
1286 3649 1346 3713 ipso
1358 3652 1445 3714 quin·
1537 3633 1538 3690 ί

263 3735 419 3799 quagesimo
437 3732 533 3797 qulnto
551 3745 636 3798 anno,
663 3733 711 3785 sed
729 3747 762 3784 eo
780 3734 827 3798 qui
846 3731 1023 3784 antecedebat
1043 3734 1084 3797 (st
1102 3746 1126 3782 e.
1147 3732 1222 3795 Chr.)
1242 3733 1296 3783 lete
1316 3746 1377 3786 esse
1397 3737 1443 3786 vi-
1537 3761 1538 3806 5

262 3819 381 3871 deretur.
407 3817 460 3868 sed
478 3819 518 3869 sle
536 3821 608 3868 certe
626 3833 680 3871 non
699 3817 726 3871 lv
743 3816 781 3886 τῷ
794 3815 904 3888 πέμπτῳ
921 3815 966 3870 καὶ
977 3818 1140 3888 mucescere
1152 3815 1204 3870 ίτει
1217 3818 1365 3870 ἀίσσουσαι
1378 3819 1441 3882 luit,

262 3905 311 3956 sed
329 3901 380 3956 ἀπὸ
396 3905 442 3955 τοῦ
460 3900 578 3970 πέμπτου
595 3901 640 3955 καὶ
651 3907 823 3974 emoneo
836 3901 917 3965 ἔτους,
937 3915 1025 3968 neque
1036 3902 1186 3969 perlectum
1197 3902 1362 3974 γεγενημένοι
1374 3905 1443 3959 huic
1537 3927 1538 3972 l

261 3989 409 4042 sententiae
432 3991 527 4054 aptum
544 3991 595 4040 est.
638 3989 713 4040 lllem
740 4003 804 4041 vero
828 4001 936 4040 menses
959 3989 1118 4040 numerandi
1143 3989 1275 4039 rationem
1298 4003 1384 4054 quum
1408 4006 1443 4044 ex
1537 3997 1538 4008 ¹

262 4075 442 4138 Achaeorum,
462 4087 580 4140 quorum
598 4075 712 4126 concilio
725 4075 851 4126 Messenii
868 4088 918 4140 per
929 4074 1097 4140 aliquantum
1110 4075 1239 4140 temporis
1250 4075 1442 4138 interluceant,

264 4161 338 4213 laetis
350 4161 525 4225 repetendum
539 4173 599 4212 esse
612 4163 822 4212 consentaneum
840 4163 883 4222 sit,
903 4159 1064 4212 undecimus
1076 4161 1177 4211 mensis
1195 4159 1342 4226 respondet
1354 4161 1446 4214 lieta-
1537 4157 1538 4164 '

262 4248 375 4311 sitnionl
385 4246 600 4308 Atheniensium,
615 4247 652 4296 lte
664 4248 695 4296 ut
707 4247 832 4311 mysteria
842 4245 898 4296 lere
908 4259 1001 4297 mense
1012 4247 1128 4310 Augusto
1138 4243 1273 4296 celebrata
1284 4245 1442 4312 rideantur,
1537 4219 1538 4244 ί

261 4331 290 4382 id
299 4333 372 4396 quod
382 4332 435 4382 iam
444 4333 579 4400 Sauppius
587 4331 647 4382 aliis
656 4331 690 4381 dc
699 4333 787 4382 causis
796 4332 958 4384 coniecerat.
979 4333 1007 4382 F.
1079 4335 1093 4381 ⁸
1109 4329 1148 4381 Gi.
1160 4333 1214 4382 not.
1226 4335 1251 4382 i.
1271 4331 1365 4383 Festus
1375 4346 1399 4384 s.
1414 4349 1442 4390 ν.

262 4429 368 4482 capsae.
475 4421 490 4467 s
515 4417 603 4478 Quum
621 4417 814 4468 llessenlorum
833 4417 986 4483 respublica
1006 4417 1193 4469 restitueretur
1213 4419 1277 4482 (not.
1298 4417 1335 4480 2),
1356 4421 1444 4472 etiem
1537 4407 1538 4482 ί
