<?xml version="1.0" encoding="UTF-8"?>
<!DOCTYPE html PUBLIC "-//W3C//DTD XHTML 1.0 Transitional//EN"
    "http://www.w3.org/TR/xhtml1/DTD/xhtml1-transitional.dtd">
<html xmlns="http://www.w3.org/1999/xhtml" xml:lang="en" lang="en">
 <head>
  <title>
</title>
<meta http-equiv="Content-Type" content="text/html;charset=utf-8" />
  <meta name='ocr-system' content='tesseract 3.04.00' />
  <meta name='ocr-capabilities' content='ocr_page ocr_carea ocr_par ocr_line ocrx_word'/>
</head>
<body>
  <div class='ocr_page' id='page_1' title='image "./syllogeinscript01dittgoog_0375.png"; bbox 0 0 3082 5054; ppageno 0'>
   <div class='ocr_carea' id='block_1_1' title="bbox 96 361 1287 434">
    <p class='ocr_par' dir='ltr' id='par_1_1' title="bbox 96 361 1287 434">
     <span class='ocr_line' id='line_1_1' title="bbox 96 361 1287 434; baseline 0.018 -30"><span class='ocrx_word' id='word_1_1' title='bbox 96 361 161 425; x_wconf 73' lang='lat' dir='ltr'><strong>sse]</strong></span> <span class='ocrx_word' id='word_1_2' title='bbox 248 381 253 392; x_wconf 92' lang='lat'><strong>·</strong></span> <span class='ocrx_word' id='word_1_3' title='bbox 546 365 591 414; x_wconf 83' lang='lat' dir='ltr'><strong>lV.</strong></span> <span class='ocrx_word' id='word_1_4' title='bbox 616 364 695 415; x_wconf 78' lang='lat' dir='ltr'><strong>listas</strong></span> <span class='ocrx_word' id='word_1_5' title='bbox 713 365 840 416; x_wconf 76' lang='lat' dir='ltr'><strong>Romane.</strong></span> <span class='ocrx_word' id='word_1_6' title='bbox 1224 373 1287 434; x_wconf 81' lang='lat'><strong>355</strong></span> 
     </span>
    </p>
   </div>
   <div class='ocr_carea' id='block_1_2' title="bbox 142 560 1287 2510">
    <p class='ocr_par' dir='ltr' id='par_1_2' title="bbox 142 560 1287 2510">
     <span class='ocr_line' id='line_1_2' title="bbox 189 560 1281 662; baseline 0.008 -32"><span class='ocrx_word' id='word_1_7' title='bbox 189 560 324 652; x_wconf 78' lang='grc' dir='ltr'>Θράικην</span> <span class='ocrx_word' id='word_1_8' title='bbox 347 562 466 630; x_wconf 71' lang='grc' dir='ltr'><strong>τάττων4</strong></span> <span class='ocrx_word' id='word_1_9' title='bbox 488 566 540 631; x_wconf 84' lang='grc' dir='ltr'><strong>καί</strong></span> <span class='ocrx_word' id='word_1_10' title='bbox 561 570 615 653; x_wconf 78' lang='grc' dir='ltr'>τῆς</span> <span class='ocrx_word' id='word_1_11' title='bbox 637 569 797 654; x_wconf 77' lang='grc' dir='ltr'>καλλίστης</span> <span class='ocrx_word' id='word_1_12' title='bbox 817 569 821 656; x_wconf 88' lang='grc' dir='ltr'>Ι</span> <span class='ocrx_word' id='word_1_13' title='bbox 842 565 996 657; x_wconf 81' lang='grc' dir='ltr'>ἀποδοχῆς</span> <span class='ocrx_word' id='word_1_14' title='bbox 1017 567 1190 658; x_wconf 76' lang='grc' dir='ltr'>ἀξιούμενος</span> <span class='ocrx_word' id='word_1_15' title='bbox 1205 571 1281 662; x_wconf 90' lang='grc' dir='ltr'>παρ’</span> 
     </span>
     <span class='ocr_line' id='line_1_3' title="bbox 146 663 1287 762; baseline 0.011 -32"><span class='ocrx_word' id='word_1_16' title='bbox 146 663 286 732; x_wconf 71' lang='grc' dir='ltr'>λυαύτῶι</span> <span class='ocrx_word' id='word_1_17' title='bbox 312 663 363 732; x_wconf 88' lang='grc' dir='ltr'><strong>διά</strong></span> <span class='ocrx_word' id='word_1_18' title='bbox 383 665 437 754; x_wconf 72' lang='grc' dir='ltr'>τὴν</span> <span class='ocrx_word' id='word_1_19' title='bbox 463 669 495 734; x_wconf 84' lang='grc' dir='ltr'><strong>ἐν</strong></span> <span class='ocrx_word' id='word_1_20' title='bbox 517 671 577 743; x_wconf 88' lang='grc' dir='ltr'>τοῖς</span> <span class='ocrx_word' id='word_1_21' title='bbox 598 671 821 756; x_wconf 67' lang='grc' dir='ltr'>πιστευομένοις</span> <span class='ocrx_word' id='word_1_22' title='bbox 849 669 1083 759; x_wconf 74' lang='grc' dir='ltr'>καδαρειάτητα,</span> <span class='ocrx_word' id='word_1_23' title='bbox 1109 673 1230 762; x_wconf 72' lang='grc' dir='ltr'>ἐίίκεῖνύν</span> <span class='ocrx_word' id='word_1_24' title='bbox 1252 701 1287 742; x_wconf 91' lang='grc' dir='ltr'><strong>τε</strong></span> 
     </span>
     <span class='ocr_line' id='line_1_4' title="bbox 187 767 1285 860; baseline 0.012 -27"><span class='ocrx_word' id='word_1_25' title='bbox 187 768 400 856; x_wconf 89' lang='grc' dir='ltr'>παρ&lt;ε&gt;ίστατο</span> <span class='ocrx_word' id='word_1_26' title='bbox 422 767 570 858; x_wconf 81' lang='grc' dir='ltr'>χρήσιμον</span> <span class='ocrx_word' id='word_1_27' title='bbox 592 774 745 860; x_wconf 74' lang='grc' dir='ltr'>χείνεσδαι</span> <span class='ocrx_word' id='word_1_28' title='bbox 765 779 817 860; x_wconf 79' lang='grc' dir='ltr'>τῆι</span> <span class='ocrx_word' id='word_1_29' title='bbox 836 771 922 842; x_wconf 78' lang='grc' dir='ltr'>πόλει</span> <span class='ocrx_word' id='word_1_30' title='bbox 931 780 955 854; x_wconf 79' lang='lat'><strong>⁵,</strong></span> <span class='ocrx_word' id='word_1_31' title='bbox 981 772 1069 851; x_wconf 88' lang='grc' dir='ltr'>αύτύς</span> <span class='ocrx_word' id='word_1_32' title='bbox 1083 801 1116 842; x_wconf 92' lang='grc' dir='ltr'><strong>τε</strong></span> <span class='ocrx_word' id='word_1_33' title='bbox 1133 782 1208 844; x_wconf 79' lang='grc' dir='ltr'>πᾶσι</span> <span class='ocrx_word' id='word_1_34' title='bbox 1221 781 1285 854; x_wconf 87' lang='grc' dir='ltr'>τοῖς</span> 
     </span>
     <span class='ocr_line' id='line_1_5' title="bbox 187 872 1283 968; baseline 0.009 -31"><span class='ocrx_word' id='word_1_35' title='bbox 187 872 322 946; x_wconf 77' lang='grc' dir='ltr'>πολίταις</span> <span class='ocrx_word' id='word_1_36' title='bbox 341 872 346 960; x_wconf 77' lang='grc' dir='ltr'>ί</span> <span class='ocrx_word' id='word_1_37' title='bbox 366 876 488 952; x_wconf 76' lang='grc' dir='ltr'>ἐκτενῶς</span> <span class='ocrx_word' id='word_1_38' title='bbox 509 878 716 965; x_wconf 74' lang='grc' dir='ltr'>προςηνέχδιρ·</span> <span class='ocrx_word' id='word_1_39' title='bbox 745 879 803 941; x_wconf 80' lang='grc' dir='ltr'>τῶν</span> <span class='ocrx_word' id='word_1_40' title='bbox 825 901 858 942; x_wconf 86' lang='grc' dir='ltr'><strong>τε</strong></span> <span class='ocrx_word' id='word_1_41' title='bbox 882 879 1030 965; x_wconf 87' lang='grc' dir='ltr'>βασιλέων</span> <span class='ocrx_word' id='word_1_42' title='bbox 1053 881 1095 953; x_wconf 89' lang='grc' dir='ltr'><strong>είς</strong></span> <span class='ocrx_word' id='word_1_43' title='bbox 1118 877 1206 955; x_wconf 86' lang='grc' dir='ltr'>δεσδς</span> <span class='ocrx_word' id='word_1_44' title='bbox 1229 909 1283 968; x_wconf 83' lang='grc' dir='ltr'><strong>με-</strong></span> 
     </span>
     <span class='ocr_line' id='line_1_6' title="bbox 186 971 1283 1071; baseline 0.009 -31"><span class='ocrx_word' id='word_1_45' title='bbox 186 971 378 1040; x_wconf 70' lang='grc' dir='ltr'><strong>ταστοὶντιονί</strong></span> <span class='ocrx_word' id='word_1_46' title='bbox 403 975 455 1041; x_wconf 85' lang='grc' dir='ltr'><strong>καί</strong></span> <span class='ocrx_word' id='word_1_47' title='bbox 482 981 535 1063; x_wconf 73' lang='grc' dir='ltr'>τῆς</span> <span class='ocrx_word' id='word_1_48' title='bbox 562 975 678 1054; x_wconf 85' lang='grc' dir='ltr'>πόλεως</span> <span class='ocrx_word' id='word_1_49' title='bbox 698 979 702 1067; x_wconf 88' lang='grc' dir='ltr'>Ι</span> <span class='ocrx_word' id='word_1_50' title='bbox 722 983 753 1047; x_wconf 80' lang='grc' dir='ltr'><strong>ἐν</strong></span> <span class='ocrx_word' id='word_1_51' title='bbox 783 975 973 1046; x_wconf 79' lang='grc' dir='ltr'>δπικινδύνωι</span> <span class='ocrx_word' id='word_1_52' title='bbox 994 984 1103 1068; x_wconf 84' lang='grc' dir='ltr'>καιρῶι</span> <span class='ocrx_word' id='word_1_53' title='bbox 1123 985 1283 1071; x_wconf 75' lang='grc' dir='ltr'>γενομένης</span> 
     </span>
     <span class='ocr_line' id='line_1_7' title="bbox 187 1073 1285 1172; baseline 0.007 -29"><span class='ocrx_word' id='word_1_54' title='bbox 187 1074 238 1143; x_wconf 90' lang='grc' dir='ltr'><strong>διά</strong></span> <span class='ocrx_word' id='word_1_55' title='bbox 260 1101 292 1144; x_wconf 91' lang='grc' dir='ltr'><strong>τε</strong></span> <span class='ocrx_word' id='word_1_56' title='bbox 314 1075 364 1142; x_wconf 88' lang='grc' dir='ltr'>τδν</span> <span class='ocrx_word' id='word_1_57' title='bbox 388 1073 446 1144; x_wconf 83' lang='grc' dir='ltr'>ἀπὸ</span> <span class='ocrx_word' id='word_1_58' title='bbox 468 1085 527 1145; x_wconf 80' lang='grc' dir='ltr'>τῶν</span> <span class='ocrx_word' id='word_1_59' title='bbox 549 1079 738 1166; x_wconf 79' lang='grc' dir='ltr'>γειτνιάυτων</span> <span class='ocrx_word' id='word_1_60' title='bbox 754 1082 893 1170; x_wconf 82' lang='grc' dir='ltr'>Θραικῶν</span> <span class='ocrx_word' id='word_1_61' title='bbox 909 1079 1003 1172; x_wconf 88' lang='grc' dir='ltr'>φύβον</span> <span class='ocrx_word' id='word_1_62' title='bbox 1023 1083 1028 1171; x_wconf 88' lang='grc' dir='ltr'>Ι</span> <span class='ocrx_word' id='word_1_63' title='bbox 1047 1079 1285 1153; x_wconf 65' lang='lat' dir='ltr'><strong>autemillis</strong></span> 
     </span>
     <span class='ocr_line' id='line_1_8' title="bbox 185 1182 1283 1276; baseline 0.006 -30"><span class='ocrx_word' id='word_1_64' title='bbox 185 1185 243 1246; x_wconf 84' lang='grc' dir='ltr'>τῶν</span> <span class='ocrx_word' id='word_1_65' title='bbox 259 1183 294 1244; x_wconf 77' lang='grc' dir='ltr'><strong>ἐκ</strong></span> <span class='ocrx_word' id='word_1_66' title='bbox 308 1184 360 1266; x_wconf 75' lang='grc' dir='ltr'>τῆς</span> <span class='ocrx_word' id='word_1_67' title='bbox 383 1182 534 1268; x_wconf 79' lang='grc' dir='ltr'>αἰφνιδίου</span> <span class='ocrx_word' id='word_1_68' title='bbox 556 1182 775 1270; x_wconf 76' lang='grc' dir='ltr'><strong>περιστάσεως7</strong></span> <span class='ocrx_word' id='word_1_69' title='bbox 798 1182 979 1251; x_wconf 78' lang='grc' dir='ltr'>ἐπιστάντων</span> <span class='ocrx_word' id='word_1_70' title='bbox 1001 1189 1154 1273; x_wconf 79' lang='grc' dir='ltr'>χαλεπῶν,</span> <span class='ocrx_word' id='word_1_71' title='bbox 1175 1187 1283 1276; x_wconf 75' lang='grc' dir='ltr'>Μηνᾶς</span> 
     </span>
     <span class='ocr_line' id='line_1_9' title="bbox 188 1281 1282 1374; baseline 0.01 -28"><span class='ocrx_word' id='word_1_72' title='bbox 188 1283 261 1368; x_wconf 70' lang='lat' dir='ltr'><strong>lxo!</strong></span> <span class='ocrx_word' id='word_1_73' title='bbox 283 1285 378 1370; x_wconf 79' lang='grc' dir='ltr'>λέγων</span> <span class='ocrx_word' id='word_1_74' title='bbox 401 1283 452 1348; x_wconf 84' lang='grc' dir='ltr'><strong>καί</strong></span> <span class='ocrx_word' id='word_1_75' title='bbox 473 1281 615 1371; x_wconf 83' lang='grc' dir='ltr'>πράσσων</span> <span class='ocrx_word' id='word_1_76' title='bbox 638 1288 764 1353; x_wconf 78' lang='grc' dir='ltr'>διετέλει</span> <span class='ocrx_word' id='word_1_77' title='bbox 784 1284 822 1352; x_wconf 89' lang='grc' dir='ltr'>τά</span> <span class='ocrx_word' id='word_1_78' title='bbox 845 1281 952 1374; x_wconf 85' lang='grc' dir='ltr'>ἀριστα</span> <span class='ocrx_word' id='word_1_79' title='bbox 973 1289 1025 1354; x_wconf 85' lang='grc' dir='ltr'><strong>καί</strong></span> <span class='ocrx_word' id='word_1_80' title='bbox 1047 1285 1210 1374; x_wconf 86' lang='grc' dir='ltr'>κάλλιστα,</span> <span class='ocrx_word' id='word_1_81' title='bbox 1237 1295 1282 1358; x_wconf 92' lang='grc' dir='ltr'><strong>δι-</strong></span> 
     </span>
     <span class='ocr_line' id='line_1_10' title="bbox 142 1383 1279 1478; baseline 0.008 -27"><span class='ocrx_word' id='word_1_82' title='bbox 142 1383 257 1459; x_wconf 69' lang='grc' dir='ltr'>κοδοδς</span> <span class='ocrx_word' id='word_1_83' title='bbox 279 1383 509 1474; x_wconf 83' lang='grc' dir='ltr'>ἀπροφασίστως</span> <span class='ocrx_word' id='word_1_84' title='bbox 532 1387 645 1475; x_wconf 52' lang='lat' dir='ltr'><strong>&amp;teucer</strong></span> <span class='ocrx_word' id='word_1_85' title='bbox 665 1393 707 1464; x_wconf 87' lang='grc' dir='ltr'><strong>εἰς</strong></span> <span class='ocrx_word' id='word_1_86' title='bbox 728 1386 825 1456; x_wconf 86' lang='grc' dir='ltr'>πάντα</span> <span class='ocrx_word' id='word_1_87' title='bbox 846 1388 884 1455; x_wconf 86' lang='grc' dir='ltr'>τά</span> <span class='ocrx_word' id='word_1_88' title='bbox 906 1391 1090 1478; x_wconf 81' lang='grc' dir='ltr'>συνρίροντα</span> <span class='ocrx_word' id='word_1_89' title='bbox 1111 1397 1162 1478; x_wconf 82' lang='grc' dir='ltr'>τῆι</span> <span class='ocrx_word' id='word_1_90' title='bbox 1181 1389 1279 1472; x_wconf 85' lang='grc' dir='ltr'>πόλει,</span> 
     </span>
     <span class='ocr_line' id='line_1_11' title="bbox 185 1485 1282 1584; baseline 0.009 -30"><span class='ocrx_word' id='word_1_91' title='bbox 185 1485 239 1562; x_wconf 89' lang='grc' dir='ltr'>τάς</span> <span class='ocrx_word' id='word_1_92' title='bbox 258 1513 290 1554; x_wconf 92' lang='grc' dir='ltr'><strong>τε</strong></span> <span class='ocrx_word' id='word_1_93' title='bbox 311 1491 471 1578; x_wconf 82' lang='grc' dir='ltr'>πρεσβείας</span> <span class='ocrx_word' id='word_1_94' title='bbox 494 1488 654 1580; x_wconf 82' lang='grc' dir='ltr'>ἀνεδέχετο</span> <span class='ocrx_word' id='word_1_95' title='bbox 674 1488 845 1580; x_wconf 76' lang='grc' dir='ltr'>προδύίμως</span> <span class='ocrx_word' id='word_1_96' title='bbox 866 1491 939 1579; x_wconf 88' lang='grc' dir='ltr'>πρός</span> <span class='ocrx_word' id='word_1_97' title='bbox 961 1519 993 1560; x_wconf 87' lang='grc' dir='ltr'><strong>τε</strong></span> <span class='ocrx_word' id='word_1_98' title='bbox 1013 1491 1082 1568; x_wconf 86' lang='grc' dir='ltr'>τούς</span> <span class='ocrx_word' id='word_1_99' title='bbox 1100 1495 1282 1584; x_wconf 82' lang='grc' dir='ltr'>στρατηγούς</span> 
     </span>
     <span class='ocr_line' id='line_1_12' title="bbox 187 1588 1283 1682; baseline 0.008 -26"><span class='ocrx_word' id='word_1_100' title='bbox 187 1588 255 1667; x_wconf 85' lang='grc' dir='ltr'>τούς</span> <span class='ocrx_word' id='word_1_101' title='bbox 285 1589 557 1679; x_wconf 72' lang='grc' dir='ltr'>ἀποστελλομένους</span> <span class='ocrx_word' id='word_1_102' title='bbox 586 1591 641 1660; x_wconf 82' lang='grc' dir='ltr'><strong>δπά</strong></span> <span class='ocrx_word' id='word_1_103' title='bbox 659 1593 824 1680; x_wconf 84' lang='grc' dir='ltr'>Ῥωμαίων</span> <span class='ocrx_word' id='word_1_104' title='bbox 851 1597 893 1669; x_wconf 89' lang='grc' dir='ltr'><strong>είς</strong></span> <span class='ocrx_word' id='word_1_105' title='bbox 915 1592 968 1682; x_wconf 81' lang='grc' dir='ltr'><strong>τήν</strong></span> <span class='ocrx_word' id='word_1_106' title='bbox 989 1593 1119 1682; x_wconf 62' lang='lat' dir='ltr'><strong>&#39;illatori</strong></span> <span class='ocrx_word' id='word_1_107' title='bbox 1140 1597 1192 1664; x_wconf 86' lang='grc' dir='ltr'><strong>καί</strong></span> <span class='ocrx_word' id='word_1_108' title='bbox 1214 1595 1283 1674; x_wconf 83' lang='grc' dir='ltr'>τούς</span> 
     </span>
     <span class='ocr_line' id='line_1_13' title="bbox 186 1693 1280 1787; baseline 0.007 -28"><span class='ocrx_word' id='word_1_109' title='bbox 186 1697 393 1780; x_wconf 76' lang='grc' dir='ltr'>πεμπομένους</span> <span class='ocrx_word' id='word_1_110' title='bbox 425 1693 638 1784; x_wconf 64' lang='grc' dir='ltr'>πρεσβευτάςθ,</span> <span class='ocrx_word' id='word_1_111' title='bbox 677 1701 708 1763; x_wconf 81' lang='grc' dir='ltr'><strong>ἐν</strong></span> <span class='ocrx_word' id='word_1_112' title='bbox 743 1695 791 1771; x_wconf 85' lang='grc' dir='ltr'><strong>αἷς</strong></span> <span class='ocrx_word' id='word_1_113' title='bbox 824 1699 854 1762; x_wconf 85' lang='grc' dir='ltr'><strong>ἐν</strong></span> <span class='ocrx_word' id='word_1_114' title='bbox 890 1695 990 1764; x_wconf 87' lang='grc' dir='ltr'>ούδενί</span> <span class='ocrx_word' id='word_1_115' title='bbox 1019 1700 1280 1787; x_wconf 84' lang='grc' dir='ltr'>καδυστέρησενδ</span> 
     </span>
     <span class='ocr_line' id='line_1_14' title="bbox 187 1794 1284 1892; baseline 0.008 -32"><span class='ocrx_word' id='word_1_116' title='bbox 187 1799 301 1882; x_wconf 71' lang='grc' dir='ltr'>δήίμος,</span> <span class='ocrx_word' id='word_1_117' title='bbox 326 1796 405 1864; x_wconf 87' lang='grc' dir='ltr'><strong>ἀλλά</strong></span> <span class='ocrx_word' id='word_1_118' title='bbox 426 1794 523 1865; x_wconf 88' lang='grc' dir='ltr'>πάντα</span> <span class='ocrx_word' id='word_1_119' title='bbox 544 1799 860 1885; x_wconf 73' lang='grc' dir='ltr'><strong>κατωικυνομήσατο10</strong></span> <span class='ocrx_word' id='word_1_120' title='bbox 882 1798 933 1865; x_wconf 87' lang='grc' dir='ltr'><strong>διὰ</strong></span> <span class='ocrx_word' id='word_1_121' title='bbox 954 1805 1007 1886; x_wconf 79' lang='grc' dir='ltr'>τῆς</span> <span class='ocrx_word' id='word_1_122' title='bbox 1028 1807 1083 1866; x_wconf 86' lang='grc' dir='ltr'>τῶν</span> <span class='ocrx_word' id='word_1_123' title='bbox 1098 1801 1284 1892; x_wconf 86' lang='grc' dir='ltr'>πρεσβευόν-</span> 
     </span>
     <span class='ocr_line' id='line_1_15' title="bbox 185 1898 1281 1992; baseline 0.007 -28"><span class='ocrx_word' id='word_1_124' title='bbox 185 1925 244 1965; x_wconf 91' lang='grc' dir='ltr'>των</span> <span class='ocrx_word' id='word_1_125' title='bbox 267 1903 500 1984; x_wconf 66' lang='grc' dir='ltr'>κακοπαδίαςίί,</span> <span class='ocrx_word' id='word_1_126' title='bbox 524 1899 621 1991; x_wconf 81' lang='grc' dir='ltr'>Ιπρδς</span> <span class='ocrx_word' id='word_1_127' title='bbox 644 1898 694 1976; x_wconf 66' lang='lat' dir='ltr'><strong>oie</strong></span> <span class='ocrx_word' id='word_1_128' title='bbox 715 1927 747 1968; x_wconf 88' lang='grc' dir='ltr'><strong>τε</strong></span> <span class='ocrx_word' id='word_1_129' title='bbox 769 1904 966 1990; x_wconf 79' lang='grc' dir='ltr'>ἐπρέσβευσεν</span> <span class='ocrx_word' id='word_1_130' title='bbox 989 1903 1102 1990; x_wconf 77' lang='grc' dir='ltr'>δήμους</span> <span class='ocrx_word' id='word_1_131' title='bbox 1118 1909 1149 1972; x_wconf 81' lang='grc' dir='ltr'><strong>ἐν</strong></span> <span class='ocrx_word' id='word_1_132' title='bbox 1165 1909 1281 1992; x_wconf 86' lang='grc' dir='ltr'>καιροῖς</span> 
     </span>
     <span class='ocr_line' id='line_1_16' title="bbox 142 1999 1282 2096; baseline 0.005 -28"><span class='ocrx_word' id='word_1_133' title='bbox 142 1999 360 2090; x_wconf 74' lang='grc' dir='ltr'>25ἀναγκαίοις</span> <span class='ocrx_word' id='word_1_134' title='bbox 389 2001 427 2070; x_wconf 87' lang='grc' dir='ltr'>τά</span> <span class='ocrx_word' id='word_1_135' title='bbox 453 2007 591 2090; x_wconf 83' lang='grc' dir='ltr'>λυσιτελῆ</span> <span class='ocrx_word' id='word_1_136' title='bbox 619 2012 669 2091; x_wconf 81' lang='grc' dir='ltr'>τῆι</span> <span class='ocrx_word' id='word_1_137' title='bbox 696 2007 817 2093; x_wconf 86' lang='grc' dir='ltr'>πατρίδι</span> <span class='ocrx_word' id='word_1_138' title='bbox 845 2003 928 2092; x_wconf 71' lang='grc' dir='ltr'>μείίτά</span> <span class='ocrx_word' id='word_1_139' title='bbox 956 2010 1015 2072; x_wconf 82' lang='grc' dir='ltr'>τῶν</span> <span class='ocrx_word' id='word_1_140' title='bbox 1042 2012 1282 2096; x_wconf 81' lang='grc' dir='ltr'>συνπρεσβευτῶν</span> 
     </span>
     <span class='ocr_line' id='line_1_17' title="bbox 186 2103 1283 2196; baseline 0.008 -27"><span class='ocrx_word' id='word_1_141' title='bbox 186 2103 414 2188; x_wconf 76' lang='grc' dir='ltr'>κατεσκεύασεν,</span> <span class='ocrx_word' id='word_1_142' title='bbox 440 2107 471 2172; x_wconf 84' lang='grc' dir='ltr'><strong>ἔν</strong></span> <span class='ocrx_word' id='word_1_143' title='bbox 494 2132 526 2174; x_wconf 87' lang='grc' dir='ltr'><strong>τε</strong></span> <span class='ocrx_word' id='word_1_144' title='bbox 547 2110 613 2182; x_wconf 82' lang='grc' dir='ltr'>ταῖς</span> <span class='ocrx_word' id='word_1_145' title='bbox 634 2111 809 2195; x_wconf 88' lang='grc' dir='ltr'>πολεμικαῖς</span> <span class='ocrx_word' id='word_1_146' title='bbox 831 2104 1044 2195; x_wconf 77' lang='grc' dir='ltr'>περιστάσείσιν</span> <span class='ocrx_word' id='word_1_147' title='bbox 1068 2106 1143 2196; x_wconf 77' lang='grc' dir='ltr'>ἀνὴρ</span> <span class='ocrx_word' id='word_1_148' title='bbox 1166 2109 1283 2196; x_wconf 79' lang='grc' dir='ltr'>ἀγαθὸς</span> 
     </span>
     <span class='ocr_line' id='line_1_18' title="bbox 185 2203 1283 2301; baseline 0.006 -29"><span class='ocrx_word' id='word_1_149' title='bbox 185 2203 224 2272; x_wconf 82' lang='grc' dir='ltr'><strong>ὢν</strong></span> <span class='ocrx_word' id='word_1_150' title='bbox 240 2210 441 2275; x_wconf 83' lang='grc' dir='ltr'>διατετέλεκεν</span> <span class='ocrx_word' id='word_1_151' title='bbox 456 2209 524 2297; x_wconf 88' lang='grc' dir='ltr'>περί</span> <span class='ocrx_word' id='word_1_152' title='bbox 545 2209 594 2276; x_wconf 83' lang='grc' dir='ltr'>τὸν</span> <span class='ocrx_word' id='word_1_153' title='bbox 618 2213 723 2296; x_wconf 82' lang='grc' dir='ltr'>δῆμον,</span> <span class='ocrx_word' id='word_1_154' title='bbox 750 2209 844 2298; x_wconf 85' lang='grc' dir='ltr'>ίεριύς</span> <span class='ocrx_word' id='word_1_155' title='bbox 866 2235 898 2276; x_wconf 89' lang='grc' dir='ltr'><strong>τε</strong></span> <span class='ocrx_word' id='word_1_156' title='bbox 919 2209 1111 2299; x_wconf 77' lang='grc' dir='ltr'>ἀποδειχθείς</span> <span class='ocrx_word' id='word_1_157' title='bbox 1125 2219 1178 2279; x_wconf 76' lang='grc' dir='ltr'>τοῦ</span> <span class='ocrx_word' id='word_1_158' title='bbox 1198 2219 1203 2293; x_wconf 92' lang='grc' dir='ltr'>Ι</span> <span class='ocrx_word' id='word_1_159' title='bbox 1224 2217 1283 2301; x_wconf 82' lang='grc' dir='ltr'><strong>βα-</strong></span> 
     </span>
     <span class='ocr_line' id='line_1_19' title="bbox 185 2309 1280 2404; baseline 0.01 -29"><span class='ocrx_word' id='word_1_160' title='bbox 185 2313 292 2384; x_wconf 85' lang='grc' dir='ltr'>σιλέως</span> <span class='ocrx_word' id='word_1_161' title='bbox 312 2309 452 2378; x_wconf 82' lang='grc' dir='ltr'>Ἀττάλου</span> <span class='ocrx_word' id='word_1_162' title='bbox 464 2317 489 2358; x_wconf 85' lang='lat'><strong>¹²</strong></span> <span class='ocrx_word' id='word_1_163' title='bbox 511 2310 600 2387; x_wconf 75' lang='grc' dir='ltr'>ἀξίως</span> <span class='ocrx_word' id='word_1_164' title='bbox 616 2310 787 2402; x_wconf 83' lang='grc' dir='ltr'>ἀνεστράρη</span> <span class='ocrx_word' id='word_1_165' title='bbox 803 2318 855 2378; x_wconf 79' lang='grc' dir='ltr'>τοῦ</span> <span class='ocrx_word' id='word_1_166' title='bbox 872 2309 979 2398; x_wconf 81' lang='grc' dir='ltr'>δήμου,</span> <span class='ocrx_word' id='word_1_167' title='bbox 1003 2319 1102 2382; x_wconf 79' lang='grc' dir='ltr'>πᾶσαν</span> <span class='ocrx_word' id='word_1_168' title='bbox 1120 2311 1280 2404; x_wconf 76' lang='grc' dir='ltr'>ὑπομείνας</span> 
     </span>
     <span class='ocr_line' id='line_1_20' title="bbox 185 2411 1281 2510; baseline 0.01 -32"><span class='ocrx_word' id='word_1_169' title='bbox 185 2411 362 2500; x_wconf 74' lang='grc' dir='ltr'>φιλαχάδως</span> <span class='ocrx_word' id='word_1_170' title='bbox 382 2415 387 2501; x_wconf 76' lang='grc' dir='ltr'>ί</span> <span class='ocrx_word' id='word_1_171' title='bbox 406 2413 458 2501; x_wconf 74' lang='grc' dir='ltr'><strong>τήν</strong></span> <span class='ocrx_word' id='word_1_172' title='bbox 488 2419 518 2482; x_wconf 85' lang='grc' dir='ltr'><strong>ἐν</strong></span> <span class='ocrx_word' id='word_1_173' title='bbox 553 2419 614 2490; x_wconf 83' lang='grc' dir='ltr'>τοῖς</span> <span class='ocrx_word' id='word_1_174' title='bbox 643 2417 867 2502; x_wconf 77' lang='grc' dir='ltr'>δαπανωμένοις</span> <span class='ocrx_word' id='word_1_175' title='bbox 893 2417 1057 2502; x_wconf 79' lang='grc' dir='ltr'>χορηγίαν,</span> <span class='ocrx_word' id='word_1_176' title='bbox 1089 2421 1281 2510; x_wconf 84' lang='grc' dir='ltr'>ἐπιστραφείς</span> 
     </span>
    </p>
   </div>
   <div class='ocr_carea' id='block_1_3' title="bbox 186 2511 1281 2612">
    <p class='ocr_par' dir='ltr' id='par_1_3' title="bbox 186 2511 1281 2612">
     <span class='ocr_line' id='line_1_21' title="bbox 186 2511 1281 2612; baseline 0.009 -31"><span class='ocrx_word' id='word_1_177' title='bbox 186 2513 221 2582; x_wconf 89' lang='grc' dir='ltr'><strong>ού</strong></span> <span class='ocrx_word' id='word_1_178' title='bbox 245 2516 333 2603; x_wconf 82' lang='grc' dir='ltr'>μόνον</span> <span class='ocrx_word' id='word_1_179' title='bbox 355 2523 414 2584; x_wconf 86' lang='grc' dir='ltr'>τῶν</span> <span class='ocrx_word' id='word_1_180' title='bbox 435 2522 563 2584; x_wconf 83' lang='grc' dir='ltr'>πολιτῶν</span> <span class='ocrx_word' id='word_1_181' title='bbox 591 2519 658 2602; x_wconf 87' lang='grc' dir='ltr'>[καί]</span> <span class='ocrx_word' id='word_1_182' title='bbox 676 2519 681 2606; x_wconf 81' lang='grc' dir='ltr'>Ι</span> <span class='ocrx_word' id='word_1_183' title='bbox 700 2523 756 2584; x_wconf 85' lang='grc' dir='ltr'>τῶν</span> <span class='ocrx_word' id='word_1_184' title='bbox 786 2511 885 2584; x_wconf 86' lang='grc' dir='ltr'>ἀλλων</span> <span class='ocrx_word' id='word_1_185' title='bbox 906 2523 966 2584; x_wconf 85' lang='grc' dir='ltr'>τῶν</span> <span class='ocrx_word' id='word_1_186' title='bbox 988 2521 1205 2590; x_wconf 82' lang='grc' dir='ltr'>κατοικούντων</span> <span class='ocrx_word' id='word_1_187' title='bbox 1227 2521 1281 2612; x_wconf 66' lang='grc' dir='ltr'>τὴν</span> 
     </span>
    </p>
   </div>
   <div class='ocr_carea' id='block_1_4' title="bbox 314 2677 406 2684">
    <p class='ocr_par' dir='ltr' id='par_1_4' title="bbox 314 2677 406 2684">
     <span class='ocr_line' id='line_1_22' title="bbox 314 2677 406 2684; baseline 0.011 -1"><span class='ocrx_word' id='word_1_188' title='bbox 314 2677 406 2684; x_wconf 72' lang='lat'>...—</span> 
     </span>
    </p>
   </div>
   <div class='ocr_carea' id='block_1_5' title="bbox 91 2775 1279 4552">
    <p class='ocr_par' dir='ltr' id='par_1_5' title="bbox 91 2775 1279 4552">
     <span class='ocr_line' id='line_1_23' title="bbox 167 2775 1279 2844; baseline 0.008 -20"><span class='ocrx_word' id='word_1_189' title='bbox 167 2779 180 2824; x_wconf 83' lang='lat' dir='ltr'><strong>t</strong></span> <span class='ocrx_word' id='word_1_190' title='bbox 205 2775 389 2829; x_wconf 79' lang='lat' dir='ltr'><strong>Chersonesus</strong></span> <span class='ocrx_word' id='word_1_191' title='bbox 417 2781 479 2842; x_wconf 90' lang='lat' dir='ltr'><strong>poet</strong></span> <span class='ocrx_word' id='word_1_192' title='bbox 507 2779 639 2844; x_wconf 89' lang='lat' dir='ltr'><strong>proelium</strong></span> <span class='ocrx_word' id='word_1_193' title='bbox 669 2777 701 2828; x_wconf 90' lang='lat' dir='ltr'><strong>ed</strong></span> <span class='ocrx_word' id='word_1_194' title='bbox 727 2777 889 2842; x_wconf 75' lang='lat' dir='ltr'><strong>Magnesiam</strong></span> <span class='ocrx_word' id='word_1_195' title='bbox 919 2779 1093 2830; x_wconf 86' lang='lat' dir='ltr'><strong>commissum</strong></span> <span class='ocrx_word' id='word_1_196' title='bbox 1115 2794 1130 2830; x_wconf 84' lang='lat' dir='ltr'><strong>e</strong></span> <span class='ocrx_word' id='word_1_197' title='bbox 1155 2781 1279 2833; x_wconf 83' lang='lat' dir='ltr'><strong>llomenis</strong></span> 
     </span>
     <span class='ocr_line' id='line_1_24' title="bbox 96 2858 1279 2924; baseline 0.007 -14"><span class='ocrx_word' id='word_1_198' title='bbox 96 2858 214 2912; x_wconf 78' lang='lat' dir='ltr'><strong>Eumeni</strong></span> <span class='ocrx_word' id='word_1_199' title='bbox 226 2861 286 2912; x_wconf 85' lang='lat' dir='ltr'><strong>dote</strong></span> <span class='ocrx_word' id='word_1_200' title='bbox 300 2867 363 2914; x_wconf 82' lang='lat' dir='ltr'><strong>erut.</strong></span> <span class='ocrx_word' id='word_1_201' title='bbox 394 2863 597 2915; x_wconf 88' lang='lat' dir='ltr'><strong>incursionibus</strong></span> <span class='ocrx_word' id='word_1_202' title='bbox 608 2865 760 2914; x_wconf 87' lang='lat' dir='ltr'><strong>vicinorum</strong></span> <span class='ocrx_word' id='word_1_203' title='bbox 776 2863 908 2913; x_wconf 85' lang='lat' dir='ltr'><strong>Threcum</strong></span> <span class='ocrx_word' id='word_1_204' title='bbox 922 2863 1037 2914; x_wconf 76' lang='lat' dir='ltr'><strong>maxime</strong></span> <span class='ocrx_word' id='word_1_205' title='bbox 1050 2864 1129 2915; x_wconf 76' lang='lat' dir='ltr'><strong>Attuli</strong></span> <span class='ocrx_word' id='word_1_206' title='bbox 1142 2867 1164 2916; x_wconf 93' lang='lat' dir='ltr'><strong>ll</strong></span> <span class='ocrx_word' id='word_1_207' title='bbox 1184 2869 1279 2924; x_wconf 73' lang='lat' dir='ltr'><strong>litt—</strong></span> 
     </span>
     <span class='ocr_line' id='line_1_25' title="bbox 97 2946 1279 3015; baseline 0.008 -21"><span class='ocrx_word' id='word_1_208' title='bbox 97 2949 147 2995; x_wconf 74' lang='grc'><strong>439</strong></span> <span class='ocrx_word' id='word_1_209' title='bbox 161 2961 186 2997; x_wconf 86' lang='lat' dir='ltr'><strong>u.</strong></span> <span class='ocrx_word' id='word_1_210' title='bbox 202 2947 276 3009; x_wconf 80' lang='lat' dir='ltr'><strong>Chr.)</strong></span> <span class='ocrx_word' id='word_1_211' title='bbox 291 2951 379 2999; x_wconf 85' lang='lat' dir='ltr'><strong>uetete</strong></span> <span class='ocrx_word' id='word_1_212' title='bbox 397 2949 551 3010; x_wconf 79' lang='lat' dir='ltr'>vexabatur,</span> <span class='ocrx_word' id='word_1_213' title='bbox 571 2963 625 3015; x_wconf 91' lang='lat' dir='ltr'><strong>quo</strong></span> <span class='ocrx_word' id='word_1_214' title='bbox 645 2953 765 3014; x_wconf 85' lang='lat' dir='ltr'><strong>tempore</strong></span> <span class='ocrx_word' id='word_1_215' title='bbox 777 2947 895 3012; x_wconf 80' lang='lat' dir='ltr'><strong>Diogylis</strong></span> <span class='ocrx_word' id='word_1_216' title='bbox 913 2946 995 2997; x_wconf 89' lang='lat' dir='ltr'><strong>homo</strong></span> <span class='ocrx_word' id='word_1_217' title='bbox 1009 2946 1233 3003; x_wconf 88' lang='lat' dir='ltr'><strong>bellicosissimus</strong></span> <span class='ocrx_word' id='word_1_218' title='bbox 1252 2957 1279 3004; x_wconf 90' lang='lat' dir='ltr'><strong>et</strong></span> 
     </span>
     <span class='ocr_line' id='line_1_26' title="bbox 95 3029 1278 3100; baseline 0.008 -19"><span class='ocrx_word' id='word_1_219' title='bbox 95 3029 304 3084; x_wconf 85' lang='lat' dir='ltr'><strong>crudelissimus</strong></span> <span class='ocrx_word' id='word_1_220' title='bbox 315 3033 449 3084; x_wconf 84' lang='lat' dir='ltr'><strong>Threcum</strong></span> <span class='ocrx_word' id='word_1_221' title='bbox 463 3036 605 3100; x_wconf 90' lang='lat' dir='ltr'><strong>imperium</strong></span> <span class='ocrx_word' id='word_1_222' title='bbox 620 3034 767 3087; x_wconf 75' lang='lat' dir='ltr'><strong>obtinebat.</strong></span> <span class='ocrx_word' id='word_1_223' title='bbox 798 3033 884 3093; x_wconf 79' lang='lat' dir='ltr'><strong>Quare</strong></span> <span class='ocrx_word' id='word_1_224' title='bbox 896 3033 983 3082; x_wconf 76' lang='lat' dir='ltr'><strong>sueto</strong></span> <span class='ocrx_word' id='word_1_225' title='bbox 996 3045 1077 3098; x_wconf 89' lang='lat' dir='ltr'><strong>quem</strong></span> <span class='ocrx_word' id='word_1_226' title='bbox 1090 3035 1134 3086; x_wconf 87' lang='lat' dir='ltr'><strong>hic</strong></span> <span class='ocrx_word' id='word_1_227' title='bbox 1147 3037 1278 3090; x_wconf 85' lang='lat' dir='ltr'><strong>hebemus</strong></span> 
     </span>
     <span class='ocr_line' id='line_1_27' title="bbox 97 3117 1278 3185; baseline 0.008 -19"><span class='ocrx_word' id='word_1_228' title='bbox 97 3117 177 3168; x_wconf 78' lang='lat' dir='ltr'><strong>Attuli</strong></span> <span class='ocrx_word' id='word_1_229' title='bbox 195 3117 218 3167; x_wconf 97' lang='lat' dir='ltr'><strong>ll</strong></span> <span class='ocrx_word' id='word_1_230' title='bbox 236 3119 375 3183; x_wconf 80' lang='lat' dir='ltr'><strong>copiarum</strong></span> <span class='ocrx_word' id='word_1_231' title='bbox 393 3119 448 3170; x_wconf 84' lang='lat' dir='ltr'><strong>dux</strong></span> <span class='ocrx_word' id='word_1_232' title='bbox 465 3118 547 3172; x_wconf 86' lang='lat' dir='ltr'><strong>luisse</strong></span> <span class='ocrx_word' id='word_1_233' title='bbox 566 3120 681 3171; x_wconf 86' lang='lat' dir='ltr'><strong>videtur.</strong></span> <span class='ocrx_word' id='word_1_234' title='bbox 708 3119 736 3171; x_wconf 87' lang='lat' dir='ltr'><strong>C.</strong></span> <span class='ocrx_word' id='word_1_235' title='bbox 861 3122 874 3167; x_wconf 80' lang='lat'><strong>5</strong></span> <span class='ocrx_word' id='word_1_236' title='bbox 900 3118 1067 3176; x_wconf 77' lang='lat' dir='ltr'><strong>Praesidium</strong></span> <span class='ocrx_word' id='word_1_237' title='bbox 1091 3121 1164 3185; x_wconf 81' lang='lat' dir='ltr'><strong>quod</strong></span> <span class='ocrx_word' id='word_1_238' title='bbox 1183 3123 1278 3174; x_wconf 87' lang='lat' dir='ltr'><strong>urbem</strong></span> 
     </span>
     <span class='ocr_line' id='line_1_28' title="bbox 95 3203 1275 3270; baseline 0.006 -18"><span class='ocrx_word' id='word_1_239' title='bbox 95 3204 204 3253; x_wconf 88' lang='lat' dir='ltr'><strong>Sestum</strong></span> <span class='ocrx_word' id='word_1_240' title='bbox 223 3206 345 3254; x_wconf 90' lang='lat' dir='ltr'><strong>tueretur</strong></span> <span class='ocrx_word' id='word_1_241' title='bbox 362 3218 377 3254; x_wconf 82' lang='grc' dir='ltr'>α</span> <span class='ocrx_word' id='word_1_242' title='bbox 395 3205 516 3256; x_wconf 79' lang='lat' dir='ltr'><strong>Stratone</strong></span> <span class='ocrx_word' id='word_1_243' title='bbox 534 3207 648 3256; x_wconf 88' lang='lat' dir='ltr'><strong>missum</strong></span> <span class='ocrx_word' id='word_1_244' title='bbox 666 3218 726 3257; x_wconf 88' lang='lat' dir='ltr'><strong>esse</strong></span> <span class='ocrx_word' id='word_1_245' title='bbox 743 3203 920 3270; x_wconf 76' lang='lat' dir='ltr'>probabiliter</span> <span class='ocrx_word' id='word_1_246' title='bbox 937 3205 1053 3254; x_wconf 89' lang='lat' dir='ltr'><strong>coniecit</strong></span> <span class='ocrx_word' id='word_1_247' title='bbox 1070 3205 1092 3255; x_wconf 91' lang='lat' dir='ltr'><strong>J.</strong></span> <span class='ocrx_word' id='word_1_248' title='bbox 1184 3211 1197 3256; x_wconf 81' lang='grc' dir='ltr'>υ</span> <span class='ocrx_word' id='word_1_249' title='bbox 1217 3210 1236 3262; x_wconf 89' lang='grc' dir='ltr'><strong>Ι.</strong></span> <span class='ocrx_word' id='word_1_250' title='bbox 1251 3223 1275 3259; x_wconf 87' lang='grc' dir='ltr'><strong>ε.</strong></span> 
     </span>
     <span class='ocr_line' id='line_1_29' title="bbox 94 3288 1276 3354; baseline 0.006 -15"><span class='ocrx_word' id='word_1_251' title='bbox 94 3291 294 3352; x_wconf 87' lang='lat' dir='ltr'><strong>postmortem</strong></span> <span class='ocrx_word' id='word_1_252' title='bbox 319 3291 447 3354; x_wconf 82' lang='lat' dir='ltr'><strong>postremi</strong></span> <span class='ocrx_word' id='word_1_253' title='bbox 466 3293 690 3354; x_wconf 73' lang='lat' dir='ltr'><strong>Pergamenorum</strong></span> <span class='ocrx_word' id='word_1_254' title='bbox 715 3291 784 3354; x_wconf 77' lang='lat' dir='ltr'><strong>rogis</strong></span> <span class='ocrx_word' id='word_1_255' title='bbox 807 3288 887 3340; x_wconf 77' lang='lat' dir='ltr'><strong>ntuli</strong></span> <span class='ocrx_word' id='word_1_256' title='bbox 912 3288 945 3338; x_wconf 97' lang='lat' dir='ltr'><strong>lll</strong></span> <span class='ocrx_word' id='word_1_257' title='bbox 972 3291 1028 3351; x_wconf 76' lang='lat' dir='ltr'><strong>(lit</strong></span> <span class='ocrx_word' id='word_1_258' title='bbox 1048 3303 1072 3340; x_wconf 88' lang='lat' dir='ltr'><strong>u.</strong></span> <span class='ocrx_word' id='word_1_259' title='bbox 1093 3291 1178 3354; x_wconf 60' lang='lat' dir='ltr'><strong>Chri.</strong></span> <span class='ocrx_word' id='word_1_260' title='bbox 1217 3294 1276 3346; x_wconf 87' lang='lat' dir='ltr'><strong>lure</strong></span> 
     </span>
     <span class='ocr_line' id='line_1_30' title="bbox 95 3373 1277 3441; baseline 0.005 -17"><span class='ocrx_word' id='word_1_261' title='bbox 95 3387 127 3424; x_wconf 84' lang='lat' dir='ltr'><strong>ex</strong></span> <span class='ocrx_word' id='word_1_262' title='bbox 145 3373 190 3423; x_wconf 88' lang='lat' dir='ltr'><strong>his</strong></span> <span class='ocrx_word' id='word_1_263' title='bbox 207 3373 231 3423; x_wconf 87' lang='lat' dir='ltr'><strong>J.</strong></span> <span class='ocrx_word' id='word_1_264' title='bbox 251 3375 359 3438; x_wconf 77' lang='lat' dir='ltr'><strong>collegit</strong></span> <span class='ocrx_word' id='word_1_265' title='bbox 376 3377 456 3426; x_wconf 85' lang='lat' dir='ltr'><strong>etiem</strong></span> <span class='ocrx_word' id='word_1_266' title='bbox 474 3376 654 3427; x_wconf 80' lang='lat' dir='ltr'><strong>Romanorum</strong></span> <span class='ocrx_word' id='word_1_267' title='bbox 679 3378 792 3441; x_wconf 89' lang='lat' dir='ltr'><strong>imperio</strong></span> <span class='ocrx_word' id='word_1_268' title='bbox 814 3374 1008 3438; x_wconf 72' lang='lat' dir='ltr'><strong>aliquantisper</strong></span> <span class='ocrx_word' id='word_1_269' title='bbox 1029 3375 1136 3426; x_wconf 85' lang='lat' dir='ltr'><strong>divinos</strong></span> <span class='ocrx_word' id='word_1_270' title='bbox 1160 3377 1277 3430; x_wconf 87' lang='lat' dir='ltr'><strong>honores</strong></span> 
     </span>
     <span class='ocr_line' id='line_1_31' title="bbox 95 3459 1278 3524; baseline 0.005 -16"><span class='ocrx_word' id='word_1_271' title='bbox 95 3461 144 3522; x_wconf 89' lang='lat' dir='ltr'><strong>qui</strong></span> <span class='ocrx_word' id='word_1_272' title='bbox 162 3461 240 3509; x_wconf 85' lang='lat' dir='ltr'><strong>entes</strong></span> <span class='ocrx_word' id='word_1_273' title='bbox 260 3459 368 3524; x_wconf 77' lang='lat' dir='ltr'><strong>regibus</strong></span> <span class='ocrx_word' id='word_1_274' title='bbox 387 3461 487 3512; x_wconf 87' lang='lat' dir='ltr'><strong>decreti</strong></span> <span class='ocrx_word' id='word_1_275' title='bbox 507 3465 584 3512; x_wconf 88' lang='lat' dir='ltr'><strong>eruut</strong></span> <span class='ocrx_word' id='word_1_276' title='bbox 601 3463 742 3512; x_wconf 77' lang='lat' dir='ltr'><strong>mansisse.</strong></span> <span class='ocrx_word' id='word_1_277' title='bbox 843 3465 856 3510; x_wconf 86' lang='lat' dir='ltr'><strong>i</strong></span> <span class='ocrx_word' id='word_1_278' title='bbox 881 3459 1023 3509; x_wconf 78' lang='lat' dir='ltr'><strong>Aristonici</strong></span> <span class='ocrx_word' id='word_1_279' title='bbox 1041 3460 1144 3512; x_wconf 90' lang='lat' dir='ltr'><strong>bellum</strong></span> <span class='ocrx_word' id='word_1_280' title='bbox 1163 3463 1278 3515; x_wconf 78' lang='lat' dir='ltr'><strong>iudicari</strong></span> 
     </span>
     <span class='ocr_line' id='line_1_32' title="bbox 93 3545 1276 3612; baseline 0.006 -19"><span class='ocrx_word' id='word_1_281' title='bbox 93 3549 216 3610; x_wconf 85' lang='lat' dir='ltr'><strong>uppuret.</strong></span> <span class='ocrx_word' id='word_1_282' title='bbox 288 3548 301 3594; x_wconf 78' lang='grc' dir='ltr'><strong><em>Β</em></strong></span> <span class='ocrx_word' id='word_1_283' title='bbox 315 3545 344 3596; x_wconf 89' lang='lat' dir='ltr'><strong>L.</strong></span> <span class='ocrx_word' id='word_1_284' title='bbox 358 3545 491 3596; x_wconf 85' lang='lat' dir='ltr'><strong>Licinium</strong></span> <span class='ocrx_word' id='word_1_285' title='bbox 503 3547 630 3598; x_wconf 82' lang='lat' dir='ltr'><strong>Crassum</strong></span> <span class='ocrx_word' id='word_1_286' title='bbox 643 3547 805 3608; x_wconf 77' lang='lat' dir='ltr'><strong>Mucianum,</strong></span> <span class='ocrx_word' id='word_1_287' title='bbox 820 3545 854 3596; x_wconf 82' lang='lat' dir='ltr'><strong>M.</strong></span> <span class='ocrx_word' id='word_1_288' title='bbox 867 3545 1038 3608; x_wconf 86' lang='lat' dir='ltr'><strong>Perpernem,</strong></span> <span class='ocrx_word' id='word_1_289' title='bbox 1059 3545 1099 3597; x_wconf 84' lang='grc' dir='ltr'><strong>Μ’.</strong></span> <span class='ocrx_word' id='word_1_290' title='bbox 1118 3549 1276 3612; x_wconf 82' lang='lat' dir='ltr'><strong>Aquillium,</strong></span> 
     </span>
     <span class='ocr_line' id='line_1_33' title="bbox 93 3629 1279 3695; baseline 0.003 -15"><span class='ocrx_word' id='word_1_291' title='bbox 93 3631 142 3694; x_wconf 88' lang='lat' dir='ltr'><strong>qui</strong></span> <span class='ocrx_word' id='word_1_292' title='bbox 160 3631 240 3680; x_wconf 78' lang='lat' dir='ltr'><strong>annis</strong></span> <span class='ocrx_word' id='word_1_293' title='bbox 259 3633 393 3680; x_wconf 69' lang='lat' dir='ltr'><strong>iti-iit</strong></span> <span class='ocrx_word' id='word_1_294' title='bbox 405 3643 429 3681; x_wconf 87' lang='lat' dir='ltr'><strong>e.</strong></span> <span class='ocrx_word' id='word_1_295' title='bbox 442 3631 503 3682; x_wconf 87' lang='lat' dir='ltr'><strong>Chr.</strong></span> <span class='ocrx_word' id='word_1_296' title='bbox 524 3631 685 3683; x_wconf 83' lang='lat' dir='ltr'><strong>exercitibus</strong></span> <span class='ocrx_word' id='word_1_297' title='bbox 702 3631 880 3681; x_wconf 86' lang='lat' dir='ltr'><strong>liomunorum</strong></span> <span class='ocrx_word' id='word_1_298' title='bbox 899 3631 926 3680; x_wconf 91' lang='lat' dir='ltr'><strong>in</strong></span> <span class='ocrx_word' id='word_1_299' title='bbox 945 3629 1007 3680; x_wconf 77' lang='grc' dir='ltr'>λεία</span> <span class='ocrx_word' id='word_1_300' title='bbox 1024 3631 1207 3695; x_wconf 76' lang='lat' dir='ltr'><strong>praefuerunt,</strong></span> <span class='ocrx_word' id='word_1_301' title='bbox 1229 3633 1279 3684; x_wconf 80' lang='lat' dir='ltr'><strong>de-</strong></span> 
     </span>
     <span class='ocr_line' id='line_1_34' title="bbox 92 3705 1276 3780; baseline 0.002 -14"><span class='ocrx_word' id='word_1_302' title='bbox 92 3715 194 3780; x_wconf 78' lang='lat' dir='ltr'><strong>signari</strong></span> <span class='ocrx_word' id='word_1_303' title='bbox 218 3705 324 3766; x_wconf 82' lang='lat' dir='ltr'><strong>mo&#39;uuit</strong></span> <span class='ocrx_word' id='word_1_304' title='bbox 339 3715 363 3765; x_wconf 83' lang='lat' dir='ltr'><strong>l.</strong></span> <span class='ocrx_word' id='word_1_305' title='bbox 448 3721 461 3766; x_wconf 80' lang='grc'><strong>9</strong></span> <span class='ocrx_word' id='word_1_306' title='bbox 480 3717 548 3770; x_wconf 89' lang='lat' dir='ltr'><strong>llnte</strong></span> <span class='ocrx_word' id='word_1_307' title='bbox 566 3717 668 3768; x_wconf 89' lang='lat' dir='ltr'><strong>bellum</strong></span> <span class='ocrx_word' id='word_1_308' title='bbox 679 3717 822 3768; x_wconf 79' lang='lat' dir='ltr'><strong>Aristonici</strong></span> <span class='ocrx_word' id='word_1_309' title='bbox 840 3715 960 3780; x_wconf 85' lang='lat' dir='ltr'><strong>quinque</strong></span> <span class='ocrx_word' id='word_1_310' title='bbox 978 3715 1079 3778; x_wconf 75' lang='lat' dir='ltr'><strong>legatos</strong></span> <span class='ocrx_word' id='word_1_311' title='bbox 1098 3717 1230 3768; x_wconf 74' lang='lat' dir='ltr'><strong>Romanos</strong></span> <span class='ocrx_word' id='word_1_312' title='bbox 1249 3721 1276 3768; x_wconf 91' lang='lat' dir='ltr'><strong>in</strong></span> 
     </span>
     <span class='ocr_line' id='line_1_35' title="bbox 91 3799 1277 3866; baseline 0.002 -14"><span class='ocrx_word' id='word_1_313' title='bbox 91 3803 182 3852; x_wconf 76' lang='lat' dir='ltr'><strong>Asiam</strong></span> <span class='ocrx_word' id='word_1_314' title='bbox 202 3802 300 3852; x_wconf 88' lang='lat' dir='ltr'><strong>missos</strong></span> <span class='ocrx_word' id='word_1_315' title='bbox 318 3813 377 3852; x_wconf 86' lang='lat' dir='ltr'><strong>esse</strong></span> <span class='ocrx_word' id='word_1_316' title='bbox 395 3805 510 3854; x_wconf 84' lang='lat' dir='ltr'><strong>testetur</strong></span> <span class='ocrx_word' id='word_1_317' title='bbox 526 3803 621 3854; x_wconf 74' lang='lat' dir='ltr'><strong>Strabo</strong></span> <span class='ocrx_word' id='word_1_318' title='bbox 638 3803 700 3853; x_wconf 88' lang='lat' dir='ltr'><strong>xlv</strong></span> <span class='ocrx_word' id='word_1_319' title='bbox 718 3816 745 3866; x_wconf 91' lang='lat' dir='ltr'><strong>p.</strong></span> <span class='ocrx_word' id='word_1_320' title='bbox 766 3803 828 3863; x_wconf 80' lang='lat' dir='ltr'><strong>eit,</strong></span> <span class='ocrx_word' id='word_1_321' title='bbox 854 3801 900 3865; x_wconf 90' lang='lat' dir='ltr'><strong>qui</strong></span> <span class='ocrx_word' id='word_1_322' title='bbox 924 3802 982 3851; x_wconf 88' lang='lat' dir='ltr'><strong>siue</strong></span> <span class='ocrx_word' id='word_1_323' title='bbox 1007 3799 1090 3851; x_wconf 89' lang='lat' dir='ltr'><strong>dubio</strong></span> <span class='ocrx_word' id='word_1_324' title='bbox 1108 3801 1153 3851; x_wconf 90' lang='lat' dir='ltr'><strong>hic</strong></span> <span class='ocrx_word' id='word_1_325' title='bbox 1170 3801 1277 3854; x_wconf 85' lang='lat' dir='ltr'><strong>intelle-</strong></span> 
     </span>
     <span class='ocr_line' id='line_1_36' title="bbox 91 3885 1276 3960; baseline -0.001 -22"><span class='ocrx_word' id='word_1_326' title='bbox 91 3887 173 3951; x_wconf 79' lang='lat' dir='ltr'><strong>gendi</strong></span> <span class='ocrx_word' id='word_1_327' title='bbox 191 3891 262 3937; x_wconf 86' lang='lat' dir='ltr'><strong>sunt.</strong></span> <span class='ocrx_word' id='word_1_328' title='bbox 288 3887 317 3938; x_wconf 86' lang='lat' dir='ltr'><strong>C.</strong></span> <span class='ocrx_word' id='word_1_329' title='bbox 337 3887 360 3936; x_wconf 84' lang='lat' dir='ltr'><strong>J.</strong></span> <span class='ocrx_word' id='word_1_330' title='bbox 435 3892 465 3937; x_wconf 83' lang='lat' dir='ltr'><strong>ii</strong></span> <span class='ocrx_word' id='word_1_331' title='bbox 484 3889 526 3938; x_wconf 83' lang='lat' dir='ltr'><strong>Sc.</strong></span> <span class='ocrx_word' id='word_1_332' title='bbox 543 3885 660 3958; x_wconf 81' lang='grc' dir='ltr'>ὁδῆμος.</span> <span class='ocrx_word' id='word_1_333' title='bbox 687 3889 709 3938; x_wconf 86' lang='lat' dir='ltr'><strong>J.</strong></span> <span class='ocrx_word' id='word_1_334' title='bbox 783 3891 810 3935; x_wconf 85' lang='lat' dir='ltr'><strong>ii</strong></span> <span class='ocrx_word' id='word_1_335' title='bbox 833 3885 892 3936; x_wconf 88' lang='lat' dir='ltr'><strong>Non</strong></span> <span class='ocrx_word' id='word_1_336' title='bbox 910 3899 954 3936; x_wconf 87' lang='lat' dir='ltr'><strong>res</strong></span> <span class='ocrx_word' id='word_1_337' title='bbox 972 3885 1101 3960; x_wconf 75' lang='lat' dir='ltr'><strong>adversus</strong></span> <span class='ocrx_word' id='word_1_338' title='bbox 1118 3889 1165 3936; x_wconf 87' lang='lat' dir='ltr'><strong>eut</strong></span> <span class='ocrx_word' id='word_1_339' title='bbox 1182 3898 1276 3937; x_wconf 87' lang='lat' dir='ltr'><strong>cesum</strong></span> 
     </span>
     <span class='ocr_line' id='line_1_37' title="bbox 91 3969 1275 4040; baseline -0.002 -17"><span class='ocrx_word' id='word_1_340' title='bbox 91 3972 229 4036; x_wconf 86' lang='lat' dir='ltr'><strong>quendem</strong></span> <span class='ocrx_word' id='word_1_341' title='bbox 248 3971 394 4035; x_wconf 77' lang='lat' dir='ltr'><strong>infelicem,</strong></span> <span class='ocrx_word' id='word_1_342' title='bbox 413 3977 444 4022; x_wconf 89' lang='lat' dir='ltr'><strong>nt</strong></span> <span class='ocrx_word' id='word_1_343' title='bbox 462 3973 489 4024; x_wconf 90' lang='lat' dir='ltr'><strong>C.</strong></span> <span class='ocrx_word' id='word_1_344' title='bbox 506 3979 624 4040; x_wconf 77' lang='lat' dir='ltr'><strong>ceperat,</strong></span> <span class='ocrx_word' id='word_1_345' title='bbox 645 3971 777 4036; x_wconf 75' lang='lat' dir='ltr'><strong>significet</strong></span> <span class='ocrx_word' id='word_1_346' title='bbox 793 3983 855 4032; x_wconf 84' lang='lat' dir='ltr'><strong>vox,</strong></span> <span class='ocrx_word' id='word_1_347' title='bbox 875 3971 923 4022; x_wconf 90' lang='lat' dir='ltr'><strong>sed</strong></span> <span class='ocrx_word' id='word_1_348' title='bbox 942 3970 1061 4022; x_wconf 79' lang='lat' dir='ltr'><strong>lahorem</strong></span> <span class='ocrx_word' id='word_1_349' title='bbox 1076 3973 1103 4022; x_wconf 90' lang='lat' dir='ltr'><strong>et</strong></span> <span class='ocrx_word' id='word_1_350' title='bbox 1114 3969 1275 4032; x_wconf 78' lang='lat' dir='ltr'><strong>molestiam,</strong></span> 
     </span>
     <span class='ocr_line' id='line_1_38' title="bbox 91 4055 1277 4124; baseline -0.001 -17"><span class='ocrx_word' id='word_1_351' title='bbox 91 4059 196 4108; x_wconf 88' lang='lat' dir='ltr'><strong>itineris</strong></span> <span class='ocrx_word' id='word_1_352' title='bbox 214 4058 340 4118; x_wconf 76' lang='lat' dir='ltr'><strong>menime,</strong></span> <span class='ocrx_word' id='word_1_353' title='bbox 360 4071 442 4123; x_wconf 84' lang='lat' dir='ltr'><strong>quem</strong></span> <span class='ocrx_word' id='word_1_354' title='bbox 460 4059 539 4124; x_wconf 78' lang='lat' dir='ltr'><strong>legati</strong></span> <span class='ocrx_word' id='word_1_355' title='bbox 562 4059 726 4124; x_wconf 78' lang='lat' dir='ltr'><strong>reipublicae</strong></span> <span class='ocrx_word' id='word_1_356' title='bbox 744 4071 824 4109; x_wconf 83' lang='lat' dir='ltr'><strong>ceusu</strong></span> <span class='ocrx_word' id='word_1_357' title='bbox 844 4058 870 4106; x_wconf 93' lang='lat' dir='ltr'><strong>in</strong></span> <span class='ocrx_word' id='word_1_358' title='bbox 889 4069 919 4108; x_wconf 90' lang='lat' dir='ltr'><strong>se</strong></span> <span class='ocrx_word' id='word_1_359' title='bbox 936 4057 1098 4121; x_wconf 86' lang='lat' dir='ltr'><strong>suscipiunt.</strong></span> <span class='ocrx_word' id='word_1_360' title='bbox 1135 4056 1179 4106; x_wconf 90' lang='lat' dir='ltr'><strong>Sic</strong></span> <span class='ocrx_word' id='word_1_361' title='bbox 1196 4055 1277 4120; x_wconf 83' lang='lat' dir='ltr'><strong>Poly-</strong></span> 
     </span>
     <span class='ocr_line' id='line_1_39' title="bbox 91 4141 1276 4210; baseline 0 -17"><span class='ocrx_word' id='word_1_362' title='bbox 91 4142 155 4194; x_wconf 90' lang='lat' dir='ltr'><strong>bius</strong></span> <span class='ocrx_word' id='word_1_363' title='bbox 173 4145 219 4203; x_wconf 92' lang='lat' dir='ltr'><strong>lll,</strong></span> <span class='ocrx_word' id='word_1_364' title='bbox 240 4145 287 4208; x_wconf 75' lang='lat' dir='ltr'><strong>tt,</strong></span> <span class='ocrx_word' id='word_1_365' title='bbox 308 4147 332 4192; x_wconf 82' lang='grc'><strong>9.</strong></span> <span class='ocrx_word' id='word_1_366' title='bbox 360 4143 407 4205; x_wconf 90' lang='lat' dir='ltr'><strong>lV,</strong></span> <span class='ocrx_word' id='word_1_367' title='bbox 430 4148 454 4207; x_wconf 82' lang='lat'><strong>8,</strong></span> <span class='ocrx_word' id='word_1_368' title='bbox 476 4149 489 4193; x_wconf 82' lang='grc'>3</span> <span class='ocrx_word' id='word_1_369' title='bbox 509 4145 705 4210; x_wconf 86' lang='lat' dir='ltr'><strong>permultisque</strong></span> <span class='ocrx_word' id='word_1_370' title='bbox 723 4143 782 4193; x_wconf 89' lang='lat' dir='ltr'><strong>eliis</strong></span> <span class='ocrx_word' id='word_1_371' title='bbox 800 4143 866 4193; x_wconf 90' lang='lat' dir='ltr'><strong>locis</strong></span> <span class='ocrx_word' id='word_1_372' title='bbox 883 4141 934 4192; x_wconf 86' lang='lat' dir='ltr'><strong>huc</strong></span> <span class='ocrx_word' id='word_1_373' title='bbox 952 4155 1018 4194; x_wconf 87' lang='lat' dir='ltr'><strong>voce</strong></span> <span class='ocrx_word' id='word_1_374' title='bbox 1036 4143 1129 4192; x_wconf 89' lang='lat' dir='ltr'><strong>utitur.</strong></span> <span class='ocrx_word' id='word_1_375' title='bbox 1167 4141 1276 4193; x_wconf 85' lang='lat' dir='ltr'><strong>lerneu-</strong></span> 
     </span>
     <span class='ocr_line' id='line_1_40' title="bbox 91 4223 1275 4300; baseline -0.003 -21"><span class='ocrx_word' id='word_1_376' title='bbox 91 4229 145 4279; x_wconf 84' lang='lat' dir='ltr'><strong>lem</strong></span> <span class='ocrx_word' id='word_1_377' title='bbox 164 4243 191 4294; x_wconf 88' lang='lat' dir='ltr'><strong>p.</strong></span> <span class='ocrx_word' id='word_1_378' title='bbox 204 4233 247 4280; x_wconf 83' lang='lat' dir='ltr'><strong>ti.</strong></span> <span class='ocrx_word' id='word_1_379' title='bbox 269 4231 310 4280; x_wconf 84' lang='lat' dir='ltr'><strong>ti.</strong></span> <span class='ocrx_word' id='word_1_380' title='bbox 344 4230 456 4280; x_wconf 83' lang='lat' dir='ltr'><strong>‘Omnis</strong></span> <span class='ocrx_word' id='word_1_381' title='bbox 474 4229 541 4280; x_wconf 89' lang='lat' dir='ltr'><strong>bene</strong></span> <span class='ocrx_word' id='word_1_382' title='bbox 560 4233 587 4280; x_wconf 89' lang='lat' dir='ltr'><strong>et</strong></span> <span class='ocrx_word' id='word_1_383' title='bbox 604 4243 636 4279; x_wconf 81' lang='lat' dir='ltr'><strong>ex</strong></span> <span class='ocrx_word' id='word_1_384' title='bbox 653 4228 790 4280; x_wconf 79' lang='lat' dir='ltr'><strong>voluntate</strong></span> <span class='ocrx_word' id='word_1_385' title='bbox 807 4228 960 4300; x_wconf 82' lang='lat' dir='ltr'><strong>composuit</strong></span> <span class='ocrx_word' id='word_1_386' title='bbox 977 4225 1093 4293; x_wconf 92' lang='lat' dir='ltr'><strong>populus</strong></span> <span class='ocrx_word' id='word_1_387' title='bbox 1104 4235 1171 4275; x_wconf 88' lang='lat' dir='ltr'><strong>usus</strong></span> <span class='ocrx_word' id='word_1_388' title='bbox 1184 4223 1275 4276; x_wconf 84' lang='lat' dir='ltr'><strong>lubere</strong></span> 
     </span>
     <span class='ocr_line' id='line_1_41' title="bbox 92 4309 1275 4379; baseline -0.003 -15"><span class='ocrx_word' id='word_1_389' title='bbox 92 4313 263 4379; x_wconf 52' lang='lat' dir='ltr'><strong>legatorum&amp;</strong></span> <span class='ocrx_word' id='word_1_390' title='bbox 339 4319 369 4364; x_wconf 74' lang='lat' dir='ltr'><strong>ti</strong></span> <span class='ocrx_word' id='word_1_391' title='bbox 388 4315 489 4366; x_wconf 79' lang='lat' dir='ltr'><strong>Attelos</strong></span> <span class='ocrx_word' id='word_1_392' title='bbox 502 4327 597 4366; x_wconf 89' lang='lat' dir='ltr'><strong>omues</strong></span> <span class='ocrx_word' id='word_1_393' title='bbox 616 4315 715 4366; x_wconf 82' lang='lat' dir='ltr'><strong>divinis</strong></span> <span class='ocrx_word' id='word_1_394' title='bbox 734 4313 882 4364; x_wconf 86' lang='lat' dir='ltr'><strong>honoribus</strong></span> <span class='ocrx_word' id='word_1_395' title='bbox 899 4311 1009 4364; x_wconf 80' lang='lat' dir='ltr'><strong>allectos</strong></span> <span class='ocrx_word' id='word_1_396' title='bbox 1027 4321 1087 4362; x_wconf 86' lang='lat' dir='ltr'><strong>esse</strong></span> <span class='ocrx_word' id='word_1_397' title='bbox 1106 4313 1213 4362; x_wconf 86' lang='lat' dir='ltr'><strong>constet</strong></span> <span class='ocrx_word' id='word_1_398' title='bbox 1231 4309 1275 4374; x_wconf 83' lang='lat' dir='ltr'><strong>(de</strong></span> 
     </span>
     <span class='ocr_line' id='line_1_42' title="bbox 91 4394 1272 4461; baseline -0.002 -12"><span class='ocrx_word' id='word_1_399' title='bbox 91 4400 178 4452; x_wconf 77' lang='lat' dir='ltr'><strong>Attolo</strong></span> <span class='ocrx_word' id='word_1_400' title='bbox 202 4401 211 4450; x_wconf 98' lang='lat' dir='ltr'><strong>l</strong></span> <span class='ocrx_word' id='word_1_401' title='bbox 236 4400 269 4452; x_wconf 87' lang='lat' dir='ltr'><strong>cl.</strong></span> <span class='ocrx_word' id='word_1_402' title='bbox 290 4398 362 4460; x_wconf 71' lang='lat' dir='ltr'><strong>tw,</strong></span> <span class='ocrx_word' id='word_1_403' title='bbox 383 4401 417 4451; x_wconf 88' lang='lat' dir='ltr'><strong>de</strong></span> <span class='ocrx_word' id='word_1_404' title='bbox 435 4401 523 4452; x_wconf 77' lang='lat' dir='ltr'><strong>Attelo</strong></span> <span class='ocrx_word' id='word_1_405' title='bbox 542 4403 565 4451; x_wconf 94' lang='lat' dir='ltr'><strong>ll</strong></span> <span class='ocrx_word' id='word_1_406' title='bbox 584 4401 613 4452; x_wconf 88' lang='lat' dir='ltr'><strong>C.</strong></span> <span class='ocrx_word' id='word_1_407' title='bbox 633 4402 654 4452; x_wconf 91' lang='lat' dir='ltr'><strong>l.</strong></span> <span class='ocrx_word' id='word_1_408' title='bbox 675 4403 706 4454; x_wconf 85' lang='lat' dir='ltr'><strong>G.</strong></span> <span class='ocrx_word' id='word_1_409' title='bbox 728 4403 803 4449; x_wconf 78' lang='lat'><strong>³⁰68.</strong></span> <span class='ocrx_word' id='word_1_410' title='bbox 824 4401 907 4461; x_wconf 82' lang='lat' dir='ltr'><strong>itit,</strong></span> <span class='ocrx_word' id='word_1_411' title='bbox 927 4398 961 4449; x_wconf 90' lang='lat' dir='ltr'><strong>de</strong></span> <span class='ocrx_word' id='word_1_412' title='bbox 979 4397 1067 4450; x_wconf 74' lang='lat' dir='ltr'><strong>Attalo</strong></span> <span class='ocrx_word' id='word_1_413' title='bbox 1085 4396 1121 4446; x_wconf 94' lang='lat' dir='ltr'><strong>llI</strong></span> <span class='ocrx_word' id='word_1_414' title='bbox 1140 4394 1272 4448; x_wconf 82' lang='lat' dir='ltr'><strong>Abhuudl.</strong></span> 
     </span>
     <span class='ocr_line' id='line_1_43' title="bbox 92 4483 1079 4552; baseline -0.002 -17"><span class='ocrx_word' id='word_1_415' title='bbox 92 4485 142 4536; x_wconf 84' lang='lat' dir='ltr'><strong>der</strong></span> <span class='ocrx_word' id='word_1_416' title='bbox 159 4486 228 4536; x_wconf 79' lang='lat' dir='ltr'><strong>lieri.</strong></span> <span class='ocrx_word' id='word_1_417' title='bbox 248 4487 297 4537; x_wconf 79' lang='lat' dir='ltr'><strong>Ali.</strong></span> <span class='ocrx_word' id='word_1_418' title='bbox 319 4489 386 4536; x_wconf 77' lang='lat'><strong>⁴⁸72</strong></span> <span class='ocrx_word' id='word_1_419' title='bbox 403 4499 430 4552; x_wconf 91' lang='lat' dir='ltr'><strong>p.</strong></span> <span class='ocrx_word' id='word_1_420' title='bbox 447 4487 499 4548; x_wconf 78' lang='lat' dir='ltr'><strong>til.</strong></span> <span class='ocrx_word' id='word_1_421' title='bbox 539 4487 587 4536; x_wconf 85' lang='lat' dir='ltr'><strong>llic</strong></span> <span class='ocrx_word' id='word_1_422' title='bbox 609 4489 655 4536; x_wconf 83' lang='lat' dir='ltr'><strong>eut</strong></span> <span class='ocrx_word' id='word_1_423' title='bbox 672 4485 741 4537; x_wconf 82' lang='lat' dir='ltr'><strong>ulter</strong></span> <span class='ocrx_word' id='word_1_424' title='bbox 758 4487 804 4536; x_wconf 88' lang='lat' dir='ltr'><strong>eut</strong></span> <span class='ocrx_word' id='word_1_425' title='bbox 822 4487 918 4535; x_wconf 86' lang='lat' dir='ltr'><strong>tertius</strong></span> <span class='ocrx_word' id='word_1_426' title='bbox 936 4483 1079 4534; x_wconf 88' lang='lat' dir='ltr'><strong>indicetur.</strong></span> 
     </span>
    </p>
   </div>
   <div class='ocr_carea' id='block_1_6' title="bbox 1021 4585 1071 4636">
    <p class='ocr_par' dir='ltr' id='par_1_6' title="bbox 1021 4585 1071 4636">
     <span class='ocr_line' id='line_1_44' title="bbox 1021 4585 1071 4636; baseline -0.02 0"><span class='ocrx_word' id='word_1_427' title='bbox 1021 4585 1071 4636; x_wconf 71' lang='lat'><strong>28*</strong></span> 
     </span>
    </p>
   </div>
   <div class='ocr_carea' id='block_1_7' title="bbox 0 0 1546 5054">
    <p class='ocr_par' dir='ltr' id='par_1_7' title="bbox 0 0 1546 5054">
     <span class='ocr_line' id='line_1_45' title="bbox 0 0 1546 5054; baseline 0 3"><span class='ocrx_word' id='word_1_428' title='bbox 0 0 1546 5054; x_wconf 95' lang='lat' dir='ltr'><strong> </strong></span> 
     </span>
    </p>
   </div>
  </div>
 </body>
</html>
