3082 5054
274 318 337 381 336
783 319 847 370 Para
864 320 948 384 prior.
1066 373 1068 376 ,
1364 321 1455 385 [444.

359 521 500 606 teatino
508 571 601 588 .....
608 523 616 606 ]
647 518 681 588 τὸ
716 518 871 588 διπλάσιον
906 527 965 588 τῶν
994 517 1219 610 νομοφυλάκΙων
1247 519 1304 588 ἀπὸ
1333 529 1389 588 rain
1415 527 1454 598 εἰς

357 620 410 698 τὰς
438 625 617 711 πρ44β44444.
641 623 675 690 τὸ
699 625 740 709 δὲ]
760 621 902 713 ψήφισμα
923 621 992 690 4644
1018 624 1096 691 εἶναι
1119 627 1161 699 alc
1183 622 1384 713 εὐχαΙριστίαν
1405 634 1453 694 444

315 742 347 793 50
358 725 467 812 δήμου.
492 723 1116 816 4444444419πρεσβεωαὶἩρακλεῆΙδης
1131 725 1332 815 Ἀλκίφρονσς,
1356 726 1454 816 ’444444-

358 854 441 917 aral
463 831 492 914 til
513 831 705 918 Δ44444444·

341 1127 372 1172 444
391 1124 528 1191 supplevi.

1303 1297 1450 1307 ———

355 1411 423 1479 229
446 1416 563 1498 Dymae
584 1411 814 1497 (Kato-Achata)
842 1415 875 1476 ln
898 1415 1050 1495 impluvio
1073 1411 1185 1475 domus
1200 1413 1239 1475 ii.
1257 1413 1448 1497 Fcndnpulo.

270 1515 327 1580 Ed.
364 1520 402 1580 44.
428 1519 465 1581 Ι).
497 1517 632 1580 Bullatin
666 1516 706 1580 de
740 1515 1010 1598 correspondanee
1044 1515 1233 1598 Hellenique
1267 1517 1308 1578 iv
1347 1517 1449 1600 (l880)

269 1639 301 1700 p.
320 1619 381 1684 520
406 1640 438 1682 n.
464 1623 488 1683 i.

355 1801 474 1893 Βαὸιλῆ
498 1803 665 1894 Ἀντίοχον1
693 1807 840 1894 βασιλέως
866 1800 1033 1892 ’4444644444
1052 1805 1057 1889 1
1077 1803 1129 1870 sul
1162 1805 1342 1891 βασίλισσαν
1372 1809 1451 1873 Λασ-

354 1909 440 1976 δίκαν
469 1909 521 1975 aul
551 1907 600 1976 τὸν
629 1907 707 2006 ullor]
723 1911 726 1995 l
740 1904 888 1996 Ἀντίοχον
916 1903 1116 1994 Ἄγημονίδας
1143 1903 1283 1996 Ζεφύρου
1313 1905 1451 1997 &calcidi

352 2013 451 2078 ἕνεκεν
473 2011 525 2078 rol
547 2005 665 2086 44444444
686 2017 738 2085 τᾶς
760 2013 803 2084 εἰς
827 2006 915 2077 α’ὖτὸν
938 2011 1031 2084 θεοῖς.

337 2305 450 2357 Litterae
467 2307 548 2358 ΑΘΣ.
656 2309 665 2353 4
689 2305 742 2354 Aut
758 2302 922 2354 Antiochum
946 2303 969 2352 ii
987 2302 1075 2354 ileum
1092 2305 1141 2353 ant
1157 2303 1322 2354 Antiochum
1341 2306 1376 2355 tv
1392 2305 1452 2372 Epi-

265 2389 384 2456 phansm
406 2391 451 2441 hic
473 2391 611 2456 designari
628 2392 734 2440 certum
753 2391 804 2438 est.
835 2387 905 2438 Nam
923 2389 973 2439 atsi
991 2387 1119 2453 permulti
1138 2387 1247 2440 luerunt
1265 2391 1292 2440 in
1312 2391 1450 2442 44444484-

266 2475 435 2528 lencidarum
452 2477 589 2540 Antiochi,
617 2479 707 2527 tamen
733 2475 805 2538 ragis
823 2473 946 2524 Antiochi
972 2473 1057 2538 444444
1083 2477 1111 2524 44
1128 2473 1258 2527 Laodicea
1282 2477 1380 2528 uxoris
1406 2491 1451 2528 no·

265 2563 340 2613 mina
358 2565 460 2614 nemini
479 2577 512 2613 ox
529 2563 568 2614 cis
586 2561 750 2613 conveniunt
767 2563 875 2624 praeter
892 2558 962 2609 duos
980 2557 1050 2609 illos.
1075 2561 1162 2625 Atque
1179 2559 1345 2612 Antiochum
1358 2563 1448 2624 Deum,

266 2648 339 2710 regis
352 2647 477 2697 Antiochi
490 2649 500 2698 i
514 2647 609 2707 tilium,
632 2647 766 2698 Laodicen
785 2647 812 2694 in
832 2645 1004 2695 matrimonio
1022 2643 1152 2696 habuisse
1168 2645 1249 2709 atque
1268 2660 1301 2697 ex
1320 2661 1352 2699 44
1371 2647 1450 2718 lilium

264 2731 427 2784 Antiochum
446 2733 606 2796 (Hieracem)
628 2733 798 2784 notissimum
816 2733 865 2782 444.
894 2729 981 2790 Quem
995 2731 1085 2780 tamon
1103 2729 1149 2780 hic
1167 2729 1380 2795 intellegendum
1393 2746 1447 2784 essa

264 2829 319 2869 non
337 2819 470 2880 existimo,
490 2819 555 2884 quia
572 2817 644 2869 nulla
663 2829 745 2868 444444
762 2817 873 2880 cogitari
891 2818 989 2882 potest.
1010 2827 1060 2866 cur
1077 2829 1109 2866 ex
1128 2814 1191 2866 liliis
1208 2815 1282 2868 solus
1301 2819 1446 2870 Antiochus

265 2907 330 2954 natu
348 2905 437 2954 minor
455 2907 694 2962 commemoretur,
720 2903 821 2953 omisso
845 2904 947 2952 maiora
972 2901 1084 2952 8444444
1108 2899 1248 2952 Callinico.
1286 2903 1446 2954 Antiochum

263 2989 432 3054 ssplphanam
449 2992 541 3040 autem
559 2992 662 3040 seimus
685 2992 791 3054 patrem
817 2986 944 3040 hahuisse
966 2999 1057 3051 ragam
1075 2985 1238 3038 Antiochum
1258 2989 1293 3038 iii
1313 2989 1445 3054 liugnam,

264 3073 350 3126 444444
368 3075 479 3126 unicum
497 3079 544 3126 aut
561 3079 634 3126 certe
653 3079 718 3126 natu
736 3075 882 3126 maximum
901 3071 1062 3124 Antiochum
1081 3073 1114 3132 v,
1139 3073 1185 3137 qui
1208 3075 1270 3138 post
1294 3086 1361 3124 eum
1386 3087 1448 3140 4444

262 3173 365 3227 paucos
383 3173 469 3212 annos
486 3161 616 3225 regnavit.
654 3159 748 3212 Uxoris
766 3172 865 3210 nomen
884 3171 947 3210 sana
966 3159 1116 3222 ignoretur:
1142 3169 1205 3208 nam
1224 3171 1293 3222 quse
1312 3160 1447 3226 Appianas

263 3247 321 3311 Syr.
342 3250 355 3297 4
375 3246 409 3299 da
427 3247 558 3298 Antiocho
576 3247 670 3312 444444
689 3245 772 3296 444444
790 3243 898 3316 (sapone
920 3261 947 3295 rr
964 3248 1016 3296 τῶν
1034 3241 1131 3296 nullom
1152 3239 1235 3306 tale,
1256 3237 1391 3317 Ἀντιόχου
1409 3243 1448 3296 aul

262 3328 402 3404 Aaohlaqe,
421 3329 544 3400 ἀλλήλοις
562 3330 747 3402 συναρμόζων),
767 3344 799 3382 44
817 3344 877 3382 maa
890 3331 1001 3396 quidem
1013 3332 1144 3381 sententia
1162 3341 1216 3380 non
1235 3330 1270 3382 ad
1287 3331 1447 3382 Antiochum
1513 3371 1514 3404 3

263 3416 431 3482 Epiphanem
450 3421 581 3483 spactant,
602 3419 650 3470 sed
668 3417 703 3468 ad
721 3419 779 3468 eius
797 3415 909 3468 tratrem
927 3417 1115 3482 cognominem
1135 3419 1200 3466 natu
1218 3417 1350 3468 maiorem
1369 3427 1445 3482 qnsm
1513 3407 1514 3459 ἒ

263 3502 354 3552 Livius
371 3503 480 3566 XXXV,
502 3507 587 3566 tao.
610 3506 651 3564 til,
670 3508 686 3554 4
705 3505 797 3554 narrat
819 3516 845 3554 a.
867 3506 914 3552 444
939 3517 964 3552 4.
985 3503 1048 3555 Chr.
1073 3515 1089 3552 4
1112 3505 1190 3566 patra
1211 3502 1238 3551 in
1256 3503 1365 3567 syriam
1383 3503 1445 3552 mia·

262 3599 324 3638 sum
342 3599 401 3638 4444
419 3589 511 3654 ibique
528 3589 688 3640 decessisse.
722 3587 816 3653 Neque
840 3590 914 3639 enim
933 3588 1013 3638 huius
1031 3588 1193 3639 narrationis
1211 3586 1278 3639 tides
1297 3587 1446 3652 iniringiiur

263 3672 366 3738 Polyhll
385 3675 538 3726 testimonio
556 3675 628 3740 XVI,
650 3677 690 3734 44,
720 3678 745 3738 t,
772 3675 872 3740 quippe
900 3657 947 3738 qui
974 3685 1146 3738 nequaquam
1173 3677 1253 3736 negat
1278 3673 1348 3724 riuos
1366 3673 1443 3724 luisse
1512 3743 1513 3754 ἶ

262 3759 437 3824 cognomines
454 3760 579 3810 Antiochi
597 3759 685 3823 Magni
702 3759 785 3822 44444,
810 3760 859 3812 sed
884 3773 969 3810 unum
995 3760 1077 3810 modo
1101 3771 1196 3810 aarum
1215 3756 1287 3820 (natu
1306 3760 1442 3820 maiorem,
1512 3759 1513 3772 ¹

262 3848 292 3896 ut
310 3845 376 3896 mihi
395 3845 505 3909 quidem
523 3845 643 3904 videtur,
664 3858 718 3898 non
737 3845 914 3910 4444444444)
937 3857 1041 3910 pugnas
1059 3844 1094 3896 ad
1112 3843 1223 3894 Panium
1242 3857 1267 3896 a.
1284 3847 1332 3894 4448
1344 3857 1369 3894 a.
1384 3843 1442 3894 Chr.

261 3931 423 3982 commissae
442 3929 595 3982 interluissa
614 3931 695 3982 dicat.
731 3931 819 3991 Quare
837 3933 887 3983 atsi
905 3931 1060 3983 testimonio
1071 3931 1186 3995 Appiani
1204 3941 1258 3979 non
1276 3930 1443 3982 domonstra-

262 4021 314 4078 tur,
344 4017 418 4068 uxori
436 4017 585 4085 Epiphania
603 4016 737 4070 Laodicen
759 4029 859 4068 nomen
878 4017 974 4078 luisse,
1002 4021 1076 4068 certe
1095 4029 1159 4068 cum
1178 4015 1245 4066 illud
1270 4029 1369 4068 nomon
1392 4013 1443 4065 hc·
1511 4049 1512 4097 5

260 4104 467 4167 quentiesimum
486 4103 566 4156 luerit
584 4117 637 4152 non
657 4103 738 4154 modo
761 4104 788 4152 iu
807 4103 1009 4155 Seleucidarnm
1028 4101 1143 4162 tamilla,
1169 4101 1219 4153 sed
1241 4103 1323 4152 etiam
1342 4103 1368 4152 iu
1386 4100 1442 4151 aliis

261 4189 427 4252 quibuscum
439 4191 464 4240 ei
476 4192 592 4240 maxime
604 4188 749 4240 4444444444
767 4190 835 4240 inira
853 4191 989 4248 solebant,
1013 4200 1066 4240 uon
1085 4191 1126 4239 est
1142 4200 1193 4238 cur
1209 4191 1320 4254 4444444
1337 4187 1440 4250 reginae

261 4287 359 4326 nomen
379 4274 488 4326 titulum
506 4276 656 4341 Dymaeum
674 4275 709 4326 sd
726 4275 888 4354 Antiochum
908 4275 939 4326 iv
961 4275 1104 4338 (444-,444
1123 4288 1147 4325 a.
1163 4273 1237 4338 Chr.)
1259 4273 1353 4326 reterri
1365 4281 1440 4338 44444
1510 4337 1511 4344 ¹

261 4373 398 4425 negamus.
