3110 5056
112 331 177 400 t'll]
278 335 321 383 ill.
352 333 392 382 Ab
409 331 551 383 Alexandri
572 333 657 395 llegni
675 335 761 382 morte
778 333 812 383 ed
831 333 989 384 Corinthum
1007 332 1133 384 deletam.
1232 334 1294 396 265

201 531 306 620 λοῖφων
335 541 491 621 προτομῶν
520 537 763 622 ἐςγεγραμμένων
781 537 784 620 ί
799 532 982 609 ’Λπόλλωνος
1011 540 1114 621 ζεῦγος
1136 539 1186 618 ἐν,
1220 532 1293 622 itui

155 654 190 703 40
200 634 334 723 δραχμαὶ
356 633 536 724 τριοίίνόσιαι
557 635 720 720 δεκαοκτώ,
745 641 823 724 τρεῖς
845 635 962 725 ὀβολοί.
992 631 1066 704 ἄλλο
1087 639 1291 724 παλίμπσίτον,

200 734 314 825 ἐλάφου
335 735 481 826 προτομή,
507 742 758 826 ἐπιγεγραμμένον
775 738 972 826 γἈρτέμιδσς,
996 743 1037 824 ἐν,
1064 737 1137 826 ‘otei
1162 741 1295 828 δραχμαί

199 837 304 906 ἑκατὸν
319 839 469 927 ἑξήκονίτα
484 843 548 926 μία.
571 843 662 928 ιιέρας
676 844 927 929 ἐπιγεγραμμένον
944 843 991 908 Διί
1008 849 1120 930 σωτῆρι
1135 845 1178 926 ἐν,
1199 845 1202 929 ί
1220 841 1294 928 ὁλκὴ

153 961 188 1010 45
200 943 334 1030 δραχμαί
356 941 461 1009 ἐντατὸν
477 941 683 1032 ἑβδομήκοντα
697 949 785 1031 τρεῖς,
804 945 814 1031 Η
827 948 904 1031 τρεῖς
921 943 1037 1032 ὀβολοί.
1067 943 1192 1033 οίνοχόα
1211 946 1294 1012 Θεῶν

199 1042 348 1132 Σωτήρων
372 1045 435 1130 μία,
457 1045 461 1126 Ι
478 1042 554 1132 ὁλκὴ
577 1045 711 1134 δραχμαί
732 1044 902 1127 τριακόσιαι
923 1043 1105 1133 ὁγδοήκοντα
1124 1049 1178 1120 ἐίξ.
1198 1053 1202 1128 l
1220 1057 1295 1134 ψυκ-

198 1145 253 1234 τὴρ
294 1145 475 1236 βαρβαρικὸς
516 1145 705 1231 λιθὸκολλος,
742 1151 1001 1238 ἐπιγεγραμμένος
1034 1149 1200 1235 Σωτείρας,
1237 1149 1291 1232 εἷς,

198 1249 278 1336 ἔχων
301 1247 533 1316 ἇποπεπτωκὸτα
551 1253 553 1336 ί
570 1249 667 1338 κάρυα
689 1247 774 1332 ἑπτά,
799 1249 872 1338 ὁλκὴ
896 1251 1030 1340 δραχμαὶ
1051 1247 1219 1339 τριακόσιαι
1241 1254 1291 1339 ἐβ-

155 1349 378 1438 δθδοίίμήκοντα
394 1349 461 1418 tto.
484 1350 649 1440 μαζόνομον
660 1359 799 1442 χρυσοῖν,
819 1351 892 1440 ὁλκὴ
907 1355 910 1440 l
925 1353 1059 1441 δραχμαί
1072 1356 1170 1440 χίλιαι
1184 1350 1294 1440 ὁγδοή-

199 1479 289 1520 κοντα
310 1450 404 1520 daed.
433 1457 475 1529 εἰς
496 1453 529 1521 τὸ
554 1458 620 1542 πξᾰν
642 1453 846 1545 χρυσωμάτων
877 1455 1009 1544 δραχμαί
1037 1456 1196 1544 τριςχίλιαι
1219 1458 1292 1542 δια-ί

199 1553 300 1624 κόσιαι
320 1555 536 1643 τεσσεράκοντα
557 1554 646 1640 ὀκτώ,
672 1557 776 1647 ὀβολοὶ
798 1561 886 1646 τρεῖς.
908 1560 911 1644 Ι
930 1555 1041 1645 σκίιρος
1070 1555 1217 1646 ἀργυροῦς
1243 1584 1295 1624 το-

153 1677 189 1727 55
202 1658 301 1746 ρευτὸς
324 1656 451 1746 ζῳωτός,
470 1661 480 1747 ll
494 1661 573 1747 ἔχων
596 1663 766 1747 σχοινίδαῧ,
795 1661 847 1744 εἷς,
875 1657 948 1747 ὁλκὴ
972 1659 1106 1748 δραχμαὶ
1126 1658 1296 1748 τριακόσιαι

202 1759 421 1847 ίόγὸοήκοντα.
456 1761 569 1850 ψυκτὴρ
600 1761 746 1852 ἀργυροῦς
774 1765 866 1849 μέγας
883 1767 887 1846 Ι
905 1765 1026 1845 δίωτος,
1058 1759 1130 1848 ὃλκή
1161 1763 1295 1851 δραχμαί

199 1864 410 1951 ἐνακιςχίλιαι.
432 1867 436 1949 Ι
454 1869 620 1953 λιβανωτοῦ
642 1863 774 1932 τάλαντα
798 1869 889 1947 δέκα,
916 1862 1046 1951 σμύρνης
1063 1867 1066 1949 ί
1083 1861 1226 1932 τάλαντον
1249 1867 1291 1948 ἐν,

155 1981 191 2032 60
200 1967 308 2040 κασίας
331 1970 403 2053 μναῖ
425 1965 488 2052 δύο,
515 1966 713 2056 κινναμιίίίμου
736 1971 806 2054 μναῖ
829 1965 892 2051 eto,
917 1966 1024 2034 κόστου
1048 1969 1118 2053 μναῖ
1140 1965 1208 2034 δύο.
1241 1971 1294 2032 λυ-

199 2069 269 2154 χνία
286 2069 290 2154 ί
305 2071 405 2156 χαλκῆ
430 2071 557 2157 μεγάλη.
584 2069 836 2159 <ε>προςιίγαγεν9
859 2071 891 2136 δὲ
913 2071 964 2137 καί
987 2071 1094 2136 θυσίαν
1113 2073 1116 2156 ί
1133 2077 1185 2136 τῶι
1207 2073 1289 2150 tene,

202 2173 295 2258 ἱερεῖα
316 2173 402 2258 χίλια
424 2175 474 2238 καὶ
499 2177 605 2261 βώίςίίθ
619 2172 752 2264 Ιδώδεκα.

113 2364 422 2372 ———-—-———

184 2485 198 2529 8
229 2483 420 2532 Ornamentum
449 2483 542 2548 scyphi
573 2481 673 2536 iuncos
697 2499 760 2536 cum
795 2485 925 2538 fructibus
955 2483 1073 2534 reterens
1103 2484 1295 2546 interpretetur

112 2567 266 2617 Boeclhins
284 2566 397 2619 relutetn
410 2568 541 2620 Cbisbnlli
559 2570 735 2634 explicatione
748 2573 846 2636 inepte.
929 2575 945 2619 s
964 2565 1203 2621 ΕΠΡΘΣΗΓΑΓΕΝ
1216 2569 1292 2618 Sher.

110 2653 378 2704 ΕΠΡΟΣΤΕΤΑΓΕΝ
398 2653 489 2705 Cbisb.
515 2655 594 2706 Recte
607 2657 683 2706 illum
695 2658 817 2721 sequitur
829 2655 944 2718 Boeckh,
965 2655 1014 2705 sed
1033 2655 1131 2705 iniuria
1149 2655 1184 2704 ed
1202 2667 1293 2718 regem

110 2738 258 2789 seleucum
282 2738 396 2800 rettulit,
417 2740 463 2802 qui
482 2739 556 2788 nullo
581 2741 663 2792 modo
690 2741 883 2792 adduxisse
908 2741 961 2792 dici
979 2743 1066 2806 potuit
1083 2741 1221 2802 victimas,
1246 2739 1294 2789 sed

111 2824 259 2874 misisse.
292 2825 376 2874 immo
393 2824 456 2874 binc
474 2837 580 2889 qnoque
593 2830 712 2891 apparet,
734 2840 814 2892 supra
833 2827 970 2878 bominem
989 2825 1106 2890 aliquem
1120 2839 1135 2874 e
1148 2839 1210 2889 rege
1230 2837 1293 2874 cnm

109 2909 234 2958 donariis
247 2909 358 2959 missum
372 2911 531 2960 nominatim
549 2916 788 2962 commemoratum
808 2911 901 2973 luisse,
921 2915 953 2961 ut
970 2910 1145 2960 confirmetur
1162 2911 1293 2959 sententie

109 2993 370 3044 meadesolianthe
392 2995 502 3057 (nott).
576 3000 606 3045 tn
626 2993 742 3063 βωμοὺς]
758 2996 878 3046 Cbisbnll
896 2996 1064 3046 adsentiente
1081 2995 1225 3045 Boeckbic.
1260 2995 1294 3044 nt

108 3082 139 3129 in
160 3083 274 3142 utroque
292 3079 444 3143 epcgrepbc
462 3081 544 3131 unius
568 3083 649 3132 medo
667 3082 771 3132 litterae
790 3079 911 3131 delectus
929 3084 1044 3142 notatur,
1067 3093 1154 3144 neque
1173 3079 1239 3130 illud
1258 3079 1292 3130 de

106 3166 166 3214 eris
184 3177 235 3228 per
250 3177 280 3213 se
297 3164 427 3215 credibile
445 3170 494 3218 est.
532 3167 601 3216 Nem
619 3166 692 3230 qnod
710 3166 860 3216 Beeckbius
883 3164 962 3228 dicit,
989 3170 1046 3216 sive
1065 3165 1203 3230 portatiles
1223 3163 1291 3216 inis-

104 3252 172 3300 sent
190 3249 251 3298 illee
275 3263 336 3300 eine
353 3252 410 3300 sive
428 3265 461 3301 ex
483 3251 617 3317 lapidibus
641 3254 768 3313 structae,
800 3252 919 3316 potuisse
938 3252 971 3301 iis
989 3251 1105 3302 verbnm
1135 3249 1291 3319 προςήγαγεν

105 3333 243 3400 adepturi,
263 3336 336 3400 qued
359 3338 421 3387 nevi
438 3336 542 3387 advecti
568 3338 650 3387 etiem
674 3336 776 3402 lapides
801 3349 861 3387 esse
883 3341 1002 3400 possent,
1028 3341 1069 3386 est
1092 3336 1158 3386 illud
1182 3336 1293 3400 quidem

106 3419 255 3471 manifesto
274 3435 376 3471 verum.
413 3423 446 3470 tlt
464 3435 552 3474 nonne
570 3423 699 3472 Seleucus
716 3423 755 3472 sic
773 3422 940 3487 ineptissime
958 3423 1064 3484 egisset,
1085 3423 1162 3486 quest
1181 3436 1234 3472 non
1248 3421 1293 3472 dei

106 3506 279 3558 Milesiorum
297 3507 395 3570 quibus
413 3507 457 3557 ille
476 3509 600 3558 victimas
612 3507 743 3571 mittebat,
764 3519 827 3558 suns
845 3519 905 3558 eres
916 3507 1095 3558 habuissent?
1121 3509 1206 3558 immo
1220 3507 1292 3558 mille

103 3603 177 3642 oves
199 3593 247 3654 (sic
271 3590 360 3659 ἱερεῖον
383 3593 427 3642 hic
450 3596 482 3643 ut
505 3594 532 3644 in
550 3594 609 3644 eliis
631 3592 767 3644 nonnullis
791 3592 874 3644 titulis
898 3591 1117 3656 intellegendum)
1137 3595 1289 3654 mittuntur,

103 3675 256 3728 duedecim
274 3677 366 3738 boves,
396 3691 448 3742 qno
466 3681 493 3728 in
520 3693 617 3743 genere
637 3681 804 3730 victimarum
822 3679 867 3728 bic
885 3689 1014 3728 numerus
1033 3679 1086 3728 iam
1104 3677 1166 3728 inde
1184 3677 1218 3728 eb
1238 3678 1293 3728 lle-

106 3765 182 3814 meri
199 3767 286 3814 eetnte
304 3765 416 3815 usitatus
434 3769 482 3815 est.

105 3969 289 3979 ..-------ι----Μ

201 4119 265 4186 171
290 4123 381 4204 Lapis
411 4124 608 4184 oxoniensis.
655 4125 702 4184 Ex
731 4125 908 4204 apographo
937 4143 954 4184 a
982 4121 1133 4201 seldene,
1160 4122 1290 4183 Patricio

106 4227 218 4306 lunio,
244 4224 377 4287 Ricardo
400 4227 529 4288 lemesio
553 4225 691 4286 conlecto
715 4223 819 4286 editus
848 4235 896 4287 est
917 4225 1029 4287 titulus
1052 4223 1136 4306 apud
1158 4223 1292 4285 Melitei-

106 4329 197 4390 rium
221 4330 326 4390 blerm.
352 4329 452 4392 Oxcn.
478 4347 510 4390 n.
531 4329 560 4408 2,
587 4327 642 4390 ubi
665 4329 759 4390 etiam
782 4326 915 4390 duorum
937 4327 1069 4390 aliorum
1096 4327 1291 4408 apographo-

108 4449 185 4493 rum
214 4429 247 4510 (Α
263 4431 290 4490 Β
308 4431 392 4511 apud
406 4428 553 4511 Boeckb.)
581 4429 621 4492 nb
643 4432 747 4510 ignote
770 4431 874 4511 alique
895 4431 1020 4492 homine
1035 4429 1126 4492 docto
1141 4430 1292 4492 lectorum
