3094 5074
271 355 332 418 662
673 353 804 406 Addeude
824 357 851 404 et
868 353 1040 418 Corrigenda.

338 563 365 612 P.
385 563 433 611 884
453 575 480 612 ιι.
500 563 549 612 848
575 565 629 613 444.
650 566 674 612 7.
713 561 788 612 Idem
812 561 951 625 genetivus
976 557 1049 630 tipeo
1074 563 1117 611 est
1139 562 1167 610 ln
1191 559 1269 612 titulo
1293 573 1381 626 nuper
1405 562 1445 610 in·

270 651 351 699 ventu
368 647 585 710 Tomitauorum,
606 661 675 712 quae
694 649 750 713 ipsa
775 660 883 713 quoque
901 647 1067 700 Milesiorum
1085 645 1190 698 colonia
1208 649 1257 698 est.
1289 645 1329 698 (ll.
1349 660 1377 697 ιι.
1397 651 1444 697 878

270 736 325 788 not.
347 736 371 787 4.

337 821 365 870 Ρ.
387 823 435 870 498
454 831 481 871 ιι.
502 822 551 868 878
570 831 596 872 ιι.
616 823 632 870 8
654 819 705 870 sub
727 817 808 869 finem
832 816 913 888 piene
931 832 984 869 non
1009 831 1108 869 nomen
1133 819 1274 884 proprium
1298 831 1374 882 esse,
1400 819 1446 871 sed

268 905 422 970 genetivum
445 904 565 956 temiuini
588 907 695 970 generis
719 905 836 956 nominis
859 905 985 956 adiectivi
1008 905 1124 956 relatum
1149 904 1183 954 ad
1206 900 1319 974 τριπόος
1343 909 1392 956 aut
1412 907 1447 955 si·

270 990 334 1041 mile
356 989 555 1042 substantivum
579 991 652 1056 quod
675 991 836 1054 cogitatione
860 989 1042 1056 supplendum
1065 993 1153 1055 esset,
1166 990 1276 1041 collatu
1298 990 1352 1042 alio
1372 992 1447 1042 titulo

269 1077 400 1141 Cyziceno
419 1089 513 1126 recens
531 1077 639 1128 invento
657 1075 751 1129 docuit
767 1077 792 1127 S.
811 1075 927 1127 lisinacb
946 1076 1060 1127 Bullatin
1079 1076 1113 1128 de
1130 1076 1366 1142 correspondance
1387 1077 1447 1128 liel-

270 1163 380 1227 lenlque
398 1162 432 1212 Vl
454 1163 540 1226 44888)
559 1177 587 1228 p.
608 1165 666 1215 844.

338 1249 365 1299 Ρ.
385 1251 433 1298 444
461 1261 488 1298 ιι.
509 1252 568 1298 844.
605 1247 725 1298 Similem
750 1248 857 1299 titulum
884 1248 1049 1313 altragntse
1076 1247 1179 1299 editum
1206 1243 1353 1316 Παρνασσός
1384 1253 1445 1299 4884

270 1349 296 1400 p.
318 1336 366 1384 448
383 1331 456 1404 [lippi
472 1332 560 1402 [rilrbe
576 1339 622 1401 τῆς
640 1331 700 1386 ὁδοῦ
717 1332 781 1404 τῇδε
803 1330 821 1402 ἠ
840 1327 982 1404 Μουνιχίας
1004 1330 1056 1385 ἐστὶ
1077 1331 1181 1402 νέμησις
1200 1337 1396 1385 commemorat
1415 1335 1445 1384 ll.

270 1419 353 1470 licebl
372 1421 397 1470 in
417 1421 529 1471 Bursian
546 1418 747 1471 labresbericht
768 1421 870 1471 xxxii
897 1419 983 1481 (4888.
1003 1421 1046 1482 Ill]
1071 1434 1098 1485 p.
1119 1423 1161 1470 84.
1197 1421 1280 1472 Cuius
1304 1418 1396 1470 verbis
1420 1422 1446 1469 ui

270 1505 347 1556 taltor
365 1517 425 1556 mea
443 1505 514 1558 illius
533 1505 602 1556 tituli
621 1506 803 1571 interpretatio
821 1505 1005 1559 confirmatur.

339 1591 366 1640 Ρ.
388 1593 434 1640 488
454 1605 480 1640 n.
502 1595 550 1641 847
569 1603 595 1642 ιι.
617 1595 657 1641 47.
678 1595 708 1642 48
725 1585 844 1657 ‘l‘illerior¹
866 1605 920 1643 non
933 1580 1034 1660 Ὕδριος
1052 1592 1079 1641 in
1099 1591 1187 1656 lupide
1204 1603 1264 1642 asse
1282 1593 1398 1642 testatur
1416 1591 1444 1640 8.

271 1675 431 1728 llilcbboter
454 1676 656 1742 liittbeilungen
675 1677 723 1728 des
746 1677 984 1742 archaologiscben
1003 1678 1124 1728 instituis
1148 1678 1175 1727 in
1192 1676 1278 1728 Athen
1300 1677 1334 1726 lv
1359 1677 1445 1740 (4874)

271 1775 298 1827 p.
319 1761 394 1824 llos.

339 1847 367 1898 P.
388 1851 437 1898 478
456 1861 483 1900 u.
504 1852 562 1899 888.
588 1849 720 1901 neomuto
738 1852 766 1900 et
782 1849 918 1901 subtiliter
935 1849 968 1900 de
987 1849 1040 1900 boc
1056 1848 1135 1900 titulo
1153 1849 1302 1916 disputavit
1319 1848 1448 1899 Emestus

271 1932 409 1984 Fabricius
427 1933 542 1984 Hermae
559 1935 632 1986 xvrt
650 1949 676 2000 p.
696 1939 742 1987 884
765 1949 824 2000 sqq.
861 1935 919 1995 Qua
943 1937 970 1985 in
989 1947 1019 1986 re
1036 1935 1173 1986 bominem
1192 1934 1275 1985 buius
1292 1935 1447 2000 provinciae

270 2019 457 2086 epigrapbicee
475 2019 554 2085 lunge
571 2021 764 2086 peritissimum
788 2025 816 2072 et
839 2021 875 2088 de·
891 2021 1079 2088 supplemento
1102 2018 1234 2092 φορμηδόι
1258 2033 1286 2070 v.
1306 2024 1339 2070 48
1363 2023 1392 2070 44
1415 2020 1447 2070 de

273 2103 468 2156 vocabulorum
479 2109 609 2177 κορυφαῖα
620 2110 646 2157 44
658 2103 794 2176 oppeteret
812 2107 1006 2170 significatione
1019 2107 1114 2158 eadem
1132 2107 1232 2157 sentire
1244 2117 1277 2156 ac
1289 2117 1333 2154 me
1351 2118 1447 2168 magno

271 2204 333 2241 cum
351 2191 448 2254 gaudio
466 2192 530 2242 vidi.
567 2193 600 2242 nt
623 2191 656 2242 de
681 2192 726 2244 illa
743 2193 943 2258 contignatione
962 2179 1032 2258 (puae
1051 2193 1114 2244 iude
1136 2207 1152 2242 a
1171 2205 1197 2242 v.
1219 2195 1250 2243 68
1273 2190 1445 2252 describitur,

270 2289 324 2341 qua
341 2279 367 2328 tn
386 2277 567 2342 descriptione
586 2291 629 2328 me
647 2277 774 2330 nonnulla
786 2291 839 2330 nou
852 2279 918 2330 satis
931 2279 1084 2343 intellegere
1096 2277 1234 2343 protessus
1246 2291 1320 2328 aram
1333 2281 1389 2328 not.
1406 2281 1444 2338 44,

271 2361 355 2427 louge,
366 2363 472 2430 plenius
490 2366 518 2414 et
534 2365 687 2415 accuratius
705 2363 749 2415 ille
767 2365 915 2429 disputavit
932 2377 959 2430 p.
980 2367 1029 2415 588
1047 2377 1118 2429 sqq.‚
1138 2377 1208 2428 quae
1226 2365 1272 2415 bic
1290 2365 1376 2429 repeti
1395 2377 1446 2414 non

270 2453 395 2514 possunt,
422 2451 580 2514 praesertim
605 2449 720 2501 eumad
743 2464 774 2500 ee
798 2450 877 2517 plane
896 2449 1077 2515 intellegenda
1095 2463 1163 2516 opus
1180 2451 1217 2501 sit
1234 2449 1415 2501 delineatione
1432 2464 1446 2500 u

272 2533 394 2587 Fabricio
411 2535 511 2588 addita.
