3086 5066
107 323 169 386 itt]
581 329 611 382 ii.
638 329 689 380 ties
707 343 808 382 saeros.

148 524 182 573 45
314 508 451 597 Πραξίιυν
475 511 671 602 Πραξαγόρου
693 514 857 593 Σικυώνιος

303 607 499 700 Ἡράκλειτος
522 615 697 705 Νικοδήμου
718 619 898 708 Ταραντῖνος

318 718 447 784 ..έστων
470 718 670 808 Δαμοφάντου
689 718 819 812 Ἀργεῖος

307 816 496 909 Ἀλκισθένης
515 821 718 912 Ἀριστογένου
740 825 903 902 Σικυώνιος

310 920 485 1000 Κάλλιππος
507 927 666 994 Διονυσίου
688 925 801 1016 Σάμιος

147 1037 180 1086 50
235 1030 476 1113 τραγωιδοίῦ·
504 1027 694 1120 Ἀλέξανδρος
716 1033 890 1122 Δημητρίου
910 1030 1066 1122 Ἀθηναῖος

301 1126 496 1218 Ἡράκλειτος
518 1135 631 1210 Δίωνος
650 1133 807 1224 Ἀθηναῖος

307 1233 495 1320 Φραάδλαος
516 1235 729 1326 Τεισικράτους
748 1237 905 1327 Ἀθηναῖος

232 1335 415 1424 αὐλητής·
441 1337 594 1428 Ὀρσίλαος
611 1339 799 1430 Ἑρμαίωνος
821 1342 968 1420 Βοιώτιος

231 1438 479 1518 διδάσκαλος·
510 1445 638 1521 Πειθίας
658 1443 831 1520 Ἐξαινέτου
851 1445 957 1537 Ἀρκάς

143 1557 176 1606 55
307 1545 435 1632 Διοκλῆς
457 1549 617 1623 Διοκλέους
635 1547 793 1638 Ἀθηναῖος

305 1643 424 1736 Ἀρχίας
640 1653 815 1742 Αἰγινήίτηίς

308 1747 489 1838 Κλεώνυμος
641 1753 780 1844 [Ἀηαιάς

230 1847 413 1940 αιἰλητής·
442 1857 585 1931 Φιλίσκος
608 1858 744 1933 Φίλωνος
766 1856 912 1933 Βοιώτιος

229 1953 474 2032 διδάσκαλος·
504 1957 649 2046 Φιλήσιος
673 1961 809 2029 Καλλίου
833 1959 978 2035 Βοιώτιος

140 2075 175 2123 60
227 2063 429 2144 κιυμοιιδοί·
452 2057 621 2150 Ἱεράτιμος
637 2061 827 2152 Ἱεροκλέους
849 2062 998 2152 Τεγεάτης

305 2161 475 2251 Νουμήνιος
490 2161 708 2253 Ἓρμώνακτος
726 2165 856 2256 Ἀργεῖος

303 2263 474 2354 Δαμάτιμος
496 2267 632 2355 Τίμωνος
649 2267 873 2359 Ἀμβρακιώτης

227 2365 371 2458 αδλητή
379 2393 406 2444 ς·
437 2367 596 2446 Φιλόξενος
611 2367 764 2448 Ἕλλανος
786 2371 937 2461 Τεγεάτης

227 2469 479 2548 διδάσκαλος·
510 2474 625 2563 Θάρσος
648 2475 799 2564 Κρίτωνος
818 2476 961 2565 Ἐφέσιος

137 2591 170 2640 65
297 2572 411 2650 Ἀστίας
431 2573 655 2668 Ἀπολλοδώρου
679 2578 822 2655 Βοιώτιος

301 2675 456 2754 Διονύσιος
478 2681 573 2768 Σίμου
589 2679 814 2771 Ἡρακλειώτης

301 2782 495 2874 Σωσικράτης
518 2785 694 2860 Μνασίυνος
715 2784 874 2861 Σικυώνιος

300 2888 444 2962 Λυκίσκος
466 2884 565 2956 Λάκου
588 2885 752 2976 Κεφαλλάν

298 2987 522 3078 Διονυσάδιυρος
540 2988 758 3084 Ἀσκληπιάδου
781 2989 924 3065 Βοιώτιος

136 3102 169 3151 7⁰
299 3092 433 3180 Πραξίας
456 3091 595 3181 Κρατέου
616 3092 766 3183 Τεγεάτης

221 3195 406 3282 χορευταί
428 3199 627 3283 κυμικοίθ·
651 3195 840 3286 Ἀρχεδάμας
859 3193 1076 3285 Ἀριστοκρίτου

298 3295 471 3383 Σικυώνιος,
497 3301 640 3388 Στρατίος
662 3299 815 3388 Κώμιυνος
834 3297 965 3388 Ἀργεῖος

162 3525 176 3571 8
195 3523 239 3574 Bis
258 3525 327 3574 terni
345 3525 465 3591 tragoedi
485 3525 520 3588 (v.
542 3531 641 3578 ίί-ίί
660 3530 688 3578 et
705 3529 815 3590 tir—ti)
836 3529 914 3589 sunt,
941 3539 1003 3577 enm
1022 3523 1135 3589 singulis
1152 3523 1274 3576 tibieini-

88 3610 143 3662 bus
162 3613 189 3661 et
206 3611 350 3675 magistris.
388 3611 443 3662 Hos
460 3612 531 3662 inter
547 3625 577 3662 se
595 3615 729 3676 certasse,
753 3615 913 3678 inutraque
932 3613 1021 3662 eutem
1040 3613 1115 3676 porte
1134 3609 1271 3662 extribus

88 3697 267 3748 histrionibus
285 3697 403 3762 primum
421 3695 642 3767 πρωταγωνιστήν,
663 3697 777 3750 ultorum
795 3695 1038 3768 δευτεραγωνιστήν,
1058 3698 1168 3748 tertium
1185 3711 1272 3764 τριτα·

86 3779 215 3852 gustet-trs
246 3795 306 3834 esse
327 3785 538 3834 consentaneum
563 3786 614 3837 est.
657 3783 773 3836 Eosdem
800 3797 928 3836 numeros
952 3782 1124 3848 eundemque
1147 3782 1270 3833 ordinem

87 3869 232 3920 nominum
250 3867 350 3920 hahent
366 3869 464 3934 reliqui
482 3871 537 3921 tres
556 3869 636 3921 tituli.
709 3873 723 3919 t
743 3871 773 3920 ln
785 3869 897 3936 reliquis
916 3869 1000 3922 titulis
1018 3868 1097 3936 plone
1115 3869 1211 3920 eedem
1230 3869 1271 3919 est

86 3955 284 4008 comoedorum
308 3957 476 4020 rationique
496 3955 701 4021 tragoedorum,
722 3955 773 4006 nisi
792 3955 865 4020 quod
882 3959 988 4019 terune,
1010 3967 1063 4006 non
1080 3954 1162 4006 hinne
1179 3956 1270 4021 portes

86 4043 154 4092 sunt
171 4053 241 4106 σακε
263 4042 334 4093 ἰνίον
357 4055 387 4094 se
411 4043 631 4106 committuntur,
654 4055 834 4108 unaquaeque
857 4044 997 4094 ternorum
1022 4041 1183 4093 histrionum
1206 4053 1268 4091 eum

86 4126 202 4191 singuiis
219 4126 377 4179 tibieinibus
394 4129 422 4178 et
439 4129 584 4192 magistris.
625 4129 675 4182 iiie
692 4131 757 4182 item
777 4141 875 4180 novem
893 4129 1039 4180 histriones
1056 4127 1155 4180 oomiei
1174 4137 1270 4176 reeen-

85 4214 198 4276 sontum
219 4227 282 4264 nem
300 4225 348 4265 sex
366 4213 475 4264 uomina
492 4227 563 4279 quse
583 4227 608 4265 ν.
629 4217 729 4266 tii—70
749 4215 885 4280 leguntur,
904 4216 971 4266 item
989 4215 1110 4264 notorum
1129 4224 1188 4263 osse
1206 4225 1268 4263 cum

85 4311 121 4349 ex
139 4298 198 4364 ipso
217 4311 331 4352 numero
349 4298 530 4363 intellegitur,
555 4301 613 4350 tum
637 4301 700 4351 inde
723 4301 797 4366 quod
821 4299 875 4352 duo
899 4313 933 4352 ex
957 4298 999 4350 his
1025 4297 1180 4349 nominibus
1197 4299 1269 4348 inter

85 4384 234 4436 histriones
257 4385 376 4436 comicos
399 4384 515 4438 redeunt
539 4397 565 4436 n.
587 4387 610 4445 ί,
631 4388 673 4434 σε.
695 4389 742 4436 σοι
766 4383 923 4455 [κωμωιδοί
952 4380 1080 4442 Λυκίσκος
1103 4381 1190 4437 Λίκου
1214 4375 1268 4435 Κε-

85 4466 198 4540 φαλλιίν,
215 4467 220 4538 Ι
235 4465 423 4541 Διονυσόδωρος
442 4467 632 4540 Ἀσκληπιάδου
651 4465 783 4530 Βοιώτιος.
817 4475 845 4523 t.
884 4475 916 4524 ht
939 4467 1054 4540 αὐλητής
1071 4473 1099 4523 et
1116 4465 1268 4526 διδάσκαλος

1011 4573 1062 4626 88*
