3110 5056
245 295 304 354 174
748 296 812 346 Pers
831 289 912 360 prior.
959 257 972 278 ο
1333 300 1430 364 [4⁰³-

327 493 568 586 ἀγοινοδστήσοις,
591 499 597 585 Ι
616 491 761 586 ἄρχοντος
785 496 1005 587 Παιρισάδσοςῖ
1032 497 1190 590 Βοσπόρου
1209 503 1214 592 Ι
1240 503 1292 569 καὶ
1315 505 1429 570 Θεοδο-

298 603 393 688 scip<
414 599 464 666 καὶ
486 597 694 689 βασιλεύοντος
718 603 830 670 tivene
845 603 855 690 Η
868 604 921 671 καὶ
944 603 1094 672 Μυνϊτῶν3
1113 602 1243 672 πάντων.

240 761 456 770 -μυ--ψ-ι-
474 763 511 768 --
533 762 550 768 -

239 849 308 899 Diss.
329 861 377 898 sur
395 848 420 896 le
439 859 512 897 mon.
532 847 566 897 de
584 847 610 897 le
628 849 702 898 reine
721 848 885 913 comosarye
903 863 930 914 p.
950 852 982 898 et
1003 851 1125 901 testetur.
1206 855 1216 898 t
1239 850 1277 900 De
1296 850 1427 914 Apollinis

238 933 311 1000 apud
328 933 496 998 bosporanos
514 933 590 984 cultu
608 931 643 985 cl.
665 931 735 985 tttl.
808 937 822 982 t
847 933 904 986 Etsi
923 936 995 986 bunc
1013 937 1122 987 titulum
1139 935 1230 1001 paullo
1248 938 1427 988 recentiorem

239 1033 399 1086 essequam
418 1033 444 1070 a.
466 1023 514 1070 int
539 1018 676 1084 probabile
701 1023 743 1069 est
768 1018 810 1081 (cl.
832 1023 886 1072 not.
908 1022 941 1086 3),
965 1025 1055 1074 temen
1080 1023 1144 1074 item
1167 1021 1202 1072 ed
1229 1023 1396 1074 Paerisadcm
1415 1024 1425 1072 1

239 1107 371 1157 Leuconis
396 1105 480 1156 lilium
506 1109 627 1171 spectare
651 1119 684 1154 ex
708 1105 825 1156 nominis
847 1107 963 1158 tiexiooe
986 1111 1106 1173 apparet.
1150 1107 1218 1160 Nem
1243 1111 1426 1160 recentiorum

239 1205 331 1255 regum
363 1191 455 1242 titulos
484 1204 579 1242 omnes
609 1191 760 1254 genetivum
791 1187 943 1262 Παιρισάδου
978 1193 1078 1244 bebere
1113 1193 1268 1245 observavit
1299 1193 1423 1246 iicebler.

239 1283 252 1328 s
273 1278 309 1328 Cl.
331 1277 426 1328 Strabo
444 1279 481 1328 xi
500 1291 526 1342 p.
548 1280 596 1326 tae
616 1277 644 1330 C.
664 1281 715 1327 τῶν
734 1271 862 1328 Maturus
887 1269 914 1327 δ’
932 1275 993 1329 εἰσὶν
1011 1276 1084 1330 αὐτοί
1101 1294 1130 1330 τε
1149 1277 1173 1330 ol
1193 1273 1278 1331 Σινδοὶ
1296 1279 1340 1330 ael
1357 1276 1426 1334 Δυν-

238 1361 319 1432 δάριοι
336 1361 380 1414 οιαὶ
398 1359 505 1434 Τορὲτοι
522 1361 566 1414 οιαὶ
577 1350 662 1433 Ἀγροι
679 1360 723 1414 καὶ
739 1357 872 1433 Ἀρρηχοί,
893 1361 930 1416 ἔτι
948 1361 976 1415 δὲ
995 1360 1129 1434 Τάρταρος
1147 1357 1319 1434 Ὀβιδιοιιηνοὶ
1332 1361 1426 1417 Σιττα-

237 1447 312 1518 ιιηνοδ
329 1445 431 1512 Δόσιιοι,
451 1445 526 1501 ἄλλοι
543 1445 655 1506 πλείους.
683 1450 739 1500 larn
758 1463 821 1499 num
841 1463 867 1502 n.
891 1454 938 1500 itt
959 1454 1014 1501 tres
1032 1451 1113 1501 modo
1132 1465 1164 1502 ex
1183 1451 1226 1502 bis
1243 1451 1360 1518 populis,
1380 1451 1426 1502 bie

237 1551 331 1588 omnes
351 1539 449 1588 Maitae
468 1535 618 1586 Peerisedis
637 1535 751 1600 imperio
769 1534 885 1586 subiecti
909 1535 1048 1598 dicantur,
1070 1549 1120 1588 suo
1139 1537 1198 1588 iure
1217 1538 1245 1588 B.
1267 1539 1340 1589 bunc
1359 1539 1424 1590 titu-

237 1623 293 1672 lum
313 1623 358 1672 illo
376 1624 555 1672 recentiorem
575 1621 720 1684 iudicavil;
742 1624 835 1672 eontra
854 1635 879 1672 n.
902 1624 949 1672 inl
972 1624 1150 1674 recentiorem
1169 1625 1251 1674 etiam
1269 1637 1337 1686 esse,
1359 1627 1424 1690 quia

236 1713 341 1774 praeter
360 1709 452 1759 linitas
470 1708 507 1758 ibi
525 1708 688 1758 accederent
704 1705 861 1758 Tbetenses

620 1881 670 1890 ...0-
683 1883 719 1889 .--
728 1883 973 1890 .--.-—.------..
997 1883 1422 1895 .-.--..—-—·--.—...-—.-

325 1998 389 2067 104
420 2005 655 2065 Monumentum
684 2022 755 2065 num
778 2001 903 2064 duabus
926 2003 1041 2064 statuis
1071 2003 1140 2065 sine
1170 2003 1346 2085 capitibus,
1381 2005 1424 2068 ad

236 2107 324 2168 littus
348 2108 435 2169 lanus
449 2106 664 2185 Temrjukienl
688 2107 720 2166 in
744 2105 857 2167 isthmo
881 2106 937 2187 qui
961 2125 1034 2166 eum
1056 2123 1074 2166 a
1097 2105 1169 2167 sinu
1185 2108 1350 2169 Temenion
1370 2107 1424 2170 di-

235 2209 327 2272 vidit.
374 2211 408 2270 ln
439 2209 508 2270 basi
536 2227 619 2289 qnae
649 2209 720 2270 olim
751 2217 870 2271 statues
900 2208 1082 2270 coniunctas
1108 2209 1286 2273 sustinebat
1308 2211 1423 2274 titulus

235 2321 338 2375 exstet
360 2331 455 2393 quem
478 2311 578 2374 edidit
600 2313 735 2374 Kochler
756 2312 963 2374 Dissertatinn
985 2330 1041 2374 sur
1063 2313 1093 2374 le
1116 2325 1300 2376 monument
1328 2313 1368 2376 de
1392 2315 1422 2378 la

234 2417 332 2478 lleine
355 2415 552 2496 Gomoserye,
587 2415 740 2495 Petropoli
766 2414 860 2474 tant.
893 2413 957 2476 tab.
992 2417 1020 2492 i,
1054 2425 1086 2476 et
1108 2436 1148 2478 ex
1175 2417 1245 2479 eius
1275 2419 1423 2498 exemplo

234 2520 404 2600 pastellos
427 2518 548 2580 Boeclib
572 2517 606 2579 C.
632 2517 655 2578 l.
682 2517 717 2578 G.
744 2517 840 2580 etin.

318 2700 521 2792 Κοροσοιρύη1
546 2701 736 2792 Γοργίππουῖ
765 2697 914 2790 θυγάτηρ,
945 2700 1171 2792 Πιιιρισάδους3
1192 2703 1297 2793 pluisti,
1331 2703 1423 2780 edie-

322 2811 395 2896 ρένη
421 2808 427 2896 Ι
451 2804 582 2893 ἀνέθηκε
611 2808 736 2895 ἰσχυρῶν
763 2809 873 2872 θειῶι4
903 2805 1047 2894 Σανέργει
1075 2805 1126 2874 καὶ
1148 2805 1330 2898 'Anepsia
1363 2803 1423 2900 ἄρ-

300 3072 460 3122 Litteratura
479 3071 567 3119 lonine
586 3067 712 3131 volgaris.
820 3070 829 3117 t
857 3066 886 3118 C.
913 3069 937 3144 l..
954 3069 984 3119 G.
1006 3072 1070 3118 2855
1092 3061 1254 3138 Καρυσσράη
1278 3069 1422 3136 Bithyniae

232 3157 321 3221 regina
341 3159 391 3219 est,
411 3165 582 3220 quaequam
601 3165 699 3203 nomen
724 3151 865 3204 manifesto
889 3153 962 3204 idem
980 3155 1030 3215 sit,
1054 3167 1087 3204 ex
1110 3157 1182 3219 regie
1200 3156 1420 3220 Bosporanorum

231 3241 331 3292 lamilia
351 3241 432 3292 luisse
451 3241 567 3292 videtur.
592 3239 621 3290 B.
710 3237 783 3290 ΗΠ.
812 3239 938 3290 Dinernb.
960 3241 1046 3302 1,te:
1072 3236 1091 3308 ἢ
1115 3239 1144 3292 τδ
1161 3237 1275 3312 χαλκοῦς
1294 3237 1320 3292 ἐν
1338 3237 1425 3312 ἀγορᾷ

231 3331 321 3397 σιῆσοιι
337 3323 491 3396 Παιρισάδην
513 3325 603 3384 tnodd.
630 3320 776 3394 Βιρισάδην)
802 3322 846 3376 eol
870 3319 983 3393 Σάτυρον
1003 3323 1047 3378 οιαὶ
1070 3321 1212 3396 Γόργιππον
1235 3324 1295 3385 τοὺς
1320 3325 1350 3379 ἐι
1372 3332 1420 3380 τοῦ

232 3407 329 3464 Πόντου
341 3411 487 3480 τυράννους,
508 3411 554 3462 ubi
569 3410 779 3474 intellegendum
797 3423 856 3461 eese
877 3411 1046 3462 Paerisedem
1065 3413 1075 3460 l
1094 3413 1216 3478 quitum
1236 3426 1349 3477 regnum
1366 3413 1421 3465 bo-

230 3500 302 3563 spori
322 3498 430 3548 tenebat
447 3511 509 3548 eum
527 3499 622 3560 Satyro
640 3496 695 3546 iilic
715 3499 779 3546 netu
798 3497 914 3546 maximo
933 3501 960 3546 et
978 3497 1113 3563 Gorgippo
1135 3511 1230 3549 socero
1248 3497 1420 3550 demonstra-

230 3585 267 3636 vit
286 3583 392 3635 Bneolrh
411 3583 511 3634 latrnd.
532 3596 558 3648 p.
580 3585 622 3632 ti.
660 3581 786 3634 Eundem
804 3593 863 3632 esse
882 3581 1046 3647 Gorgippam
1065 3583 1152 3648 Satyri
1177 3581 1194 3635 l.
1214 3585 1285 3649 apud
1304 3585 1419 3650 Polyae—

229 3683 294 3720 num
314 3671 378 3734 Viti,
404 3673 435 3720 5⁵
464 3671 581 3719 coniecit
607 3667 723 3718 llnehlsr
748 3667 879 3732 probante
906 3669 934 3718 Β.
972 3668 1065 3733 Neque
1092 3668 1206 3720 dubium
1234 3673 1298 3734 quin
1326 3671 1361 3722 eb
1383 3685 1419 3723 eo

228 3755 337 3807 condita
355 3756 390 3806 sit
408 3755 552 3820 Gorgippia
570 3751 636 3804 urbs
654 3753 798 3804 Siudorum
820 3751 911 3816 (inni).
1006 3754 1079 3806 tCi.
1101 3751 1172 3806 ittl.
1268 3758 1281 3806 t
1302 3753 1419 3828 ἰσχυροῖς

229 3839 370 3902 betuleii..
392 3838 489 3912 ἰσχυρῷ
506 3837 569 3910 detq
589 3839 706 3904 i‘valido
725 3842 752 3890 et
769 3837 883 3900 divinn't
903 3841 1022 3892 Boeckh.
1058 3841 1107 3901 Qui
1125 3843 1156 3892 ut
1179 3843 1252 3892 recte
1270 3841 1418 3894 violentem

228 3932 255 3978 et
272 3927 437 3993 superfluam
460 3927 566 3977 numeri
591 3925 765 3976 mutationem
784 3926 893 3986 reiecit,
919 3927 959 3978 sin
978 3928 1075 3978 iniuria
1098 3927 1261 3978 edientivum
1282 3941 1330 3992 pro
1348 3928 1417 3980 sub-

226 4014 343 4065 stantivo
361 4015 460 4078 posuit.
497 4013 565 4064 Nam
584 4013 617 4063 de
636 4007 709 4062 δειιῖιι
728 4025 776 4074 prn
794 4007 872 4074 δεῶι,
892 4027 973 4078 quam
993 4027 1056 4064 sene
1075 4026 1128 4063 non
1147 4012 1212 4063 satia
1230 4017 1354 4065 accurate
1372 4016 1418 4066 ln-

227 4101 315 4151 uioem
334 4097 447 4150 lormam
466 4099 534 4150 dixit
552 4097 681 4157 lioebler,
709 4099 781 4148 nulle
804 4101 846 4150 est
863 4098 1006 4150 dubitandi
1024 4111 1121 4160 causa,
1147 4111 1233 4163 quum
1250 4099 1334 4151 altera
1353 4114 1418 4152 see-

227 4185 281 4236 culi
299 4199 324 4236 e.
344 4185 406 4236 Cbr.
433 4187 520 4250 quarti
545 4188 621 4250 parte
646 4182 747 4248 ubique
775 4183 990 4248 trequentissime
1020 4185 1100 4236 luerit
1126 4186 1260 4250 scriptura
1287 4202 1310 4238 ιι
1335 4200 1418 4252 prce

226 4269 311 4322 vocali
330 4271 499 4336 insequente.
571 4274 585 4322 t
605 4271 753 4333 Utrumque
772 4281 870 4321 nomen
889 4271 1034 4322 barbarum
1053 4285 1113 4323 esee
1132 4275 1225 4322 eontra
1244 4271 1415 4324 uenientum

231 4357 285 4422 (qni
302 4348 435 4424 Ἑνσδρρει
452 4359 479 4408 et
496 4347 622 4428 Ἀσισρίσι
639 4355 784 4406 emendare
804 4369 888 4408 ausus
906 4359 954 4422 eet)
980 4359 1038 4408 iure
1056 4358 1162 4408 monuit
1181 4359 1211 4409 ll.
1231 4355 1362 4422 probante
1381 4359 1412 4410 B.

226 4441 321 4507 Neque
346 4441 523 4507 improbabile
546 4447 602 4506 est,
627 4443 738 4507 eSyria
756 4444 853 4494 borum
871 4445 985 4496 deorum
1012 4443 1116 4496 cultum
1140 4443 1319 4509 repetendum
1339 4457 1412 4509 esse,
