3084 5052
247 293 310 358 480
753 295 817 346 Pars
834 293 928 346 altera.
1382 293 1440 358 [tlt

334 483 453 569 χαλκᾶς
479 479 591 553 ἔξωθεν
619 476 763 566 ποιήσας.
794 479 846 546 καὶ
876 477 1068 568 ουνστρῶψσει
1088 475 1122 546 τὸ
1152 481 1265 568 ἔδαφος
1288 480 1388 554 λίθοις
1408 479 1442 546 τὸ

336 579 418 657 ἐντὸς
440 574 519 650 άπαν
542 579 777 670 ουναρμόττουσι
797 581 871 671 πρὸς
894 581 1055 670 ἀλλήλους,
1079 582 1141 670 κΙαλ
1169 579 1370 670 έπεργάοεται
1391 580 1444 669 δρ-

335 683 390 752 ott
412 686 464 752 καλ
486 683 598 772 ὁμαλὲς
621 679 749 752 ἄνωθεν.
774 686 826 752 καὶ
848 685 1009 774 διαφράξει
1030 683 1063 752 τὸ
1087 682 1291 772 ρεταστόψλιον
1315 687 1441 752 ἕκαστον
1530 705 1531 708 ’

295 801 327 851 65
340 785 537 874 ὀρθοστάταις
560 791 641 855 δυοῖν
664 789 836 872 λιθίνοιςῖῖ,
868 783 941 878 ὕψος
968 795 1058 876 τριῶν
1087 791 1206 870 ποδῶν,
1238 786 1289 854 καὶ
1311 792 1344 856 έν
1360 791 1373 876 ΙΙ
1388 792 1446 855 τῶι

338 887 446 977 μεταξὺ
469 891 604 959 κινκλίδα
626 889 783 978 ἐπιδήσεψι]
803 894 993 978 νλειυμένην.
1016 887 1139 978 ποιήσει
1168 891 1201 957 δέ
1223 888 1350 966 καὶτὰς
1373 888 1446 979 ὄρο-

338 991 408 1082 φΙάς
429 991 483 1067 τὰς
506 991 556 1060 διὰ
580 995 690 1080 μέσου,
716 991 765 1081 ἐφ’
793 988 832 1060 ὧν
858 991 894 1060 τά
919 991 1010 1082 σκεύη
1033 994 1180 1077 κείσεται,
1212 991 1246 1060 τὸ
1275 992 1358 1068 ἐντὸς
1387 999 1445 1059 τῶν

337 1093 444 1162 κιόνων
467 1097 662 1184 §suspiciet
687 1099 777 1185 μέχρι
804 1102 857 1164 τοῦ
886 1097 990 1186 τοίχου
1020 1093 1187 1184 διαρμόσας
1214 1093 1288 1162 καθ’
1319 1099 1446 1163 ἕκαστον

337 1197 388 1264 τὸν
410 1198 495 1266 κίονα
517 1196 567 1264 καὶ
588 1197 671 1286 παρὰ
691 1195 751 1283 τδψν
773 1201 875 1288 τοῖχον
898 1201 1087 1286 ἑκατέρωθεν
1111 1199 1339 1288 διερείσματιῧῧ,
1365 1197 1446 1266 πλά-

338 1325 388 1375 τος
408 1303 496 1368 πέντε
517 1305 691 1386 παλαστῶν,
724 1297 797 1390 ὕψος
818 1303 979 1388 meditatos,
1013 1298 1207 1390 έπιβάλλοντι
1232 1301 1281 1368 ἐπὶ
1312 1301 1365 1389 μέν
1396 1301 1446 1369 τὸν

297 1415 330 1466 to
339 1405 440 1492 τοῖχον
462 1407 541 1490 τρεῖς
563 1403 731 1485 παλαστάς,
760 1402 844 1492 παρὰ
874 1405 908 1471 δέ
929 1403 978 1472 τὸν
1001 1404 1096 1494 ιψλονα
1123 1402 1314 1493 παραστόλια
1344 1401 1448 1490 στήσει

340 1508 452 1572 λίδινα.
479 1505 531 1573 καὶ
553 1507 682 1574 ἐπὶτῶν
706 1505 921 1596 διερεισμάτων
944 1506 1094 1596 trutinet
1121 1509 1306 1596 σφηκίσκους
1315 1511 1342 1554 ³⁴
1372 1507 1448 1574 ἑπτὰ

340 1608 393 1700 ἐφ’
420 1607 547 1698 ἑκάστην
569 1609 622 1697 τὴν
644 1607 763 1699 χώραν,
797 1617 979 1700 συμπληρῶν
1010 1613 1102 1700 μέχρι
1129 1617 1188 1678 τῶν
1211 1607 1342 1699 κιόνωψν,
1368 1609 1449 1679 πλά-

340 1737 389 1788 τος
411 1718 501 1800 τριῶν
523 1719 703 1795 παλαστῶν,
732 1710 830 1803 πάχος
850 1712 1029 1802 ἡμιποδίου,
1057 1712 1108 1780 καλ
1131 1713 1309 1802 συνοτρῶσει
1330 1717 1448 1789 πίναξιν

344 1807 444 1902 Ιάπαν
467 1812 501 1882 τὸ
522 1818 652 1905 χωρίον,
678 1816 841 1906 συμβολῶν
868 1816 920 1884 καὶ
948 1814 1116 1904 κυλλήοας,
1148 1813 1260 1891 πλάτος
1288 1819 1446 1905 τρίποδας,

341 1915 440 2008 πάχος
463 1921 554 2004 δυοῖΙν
579 1917 749 1988 δακτύλοιν.
788 1917 910 2007 ποιήσει
943 1921 983 2006 δψὲ
1016 1919 1073 2004 alal
1105 1916 1301 2006 pccdutcr³⁵‚
1327 1919 1382 2008 ἐφ’
1408 1917 1449 1986 ῶν

298 2020 532 2088 insalsarum&
556 2019 736 2108 ὑποζώματα
745 2027 772 2070 ³⁶
792 2022 853 2111 αΙΙαλ
876 2015 973 2090 τᾶλλα
997 2019 1104 2108 σκεύη,
1130 2019 1203 2110 παρ’
1232 2019 1375 2111 ἑκάτερον
1397 2021 1449 2090 τὸν

341 2129 454 2212 τοῖχον,
481 2129 588 2200 διπλᾶς
602 2123 635 2192 τὸ
651 2119 769 2215 ὕψοςῧῖ.
795 2125 847 2192 καὶ
870 2122 1075 2214 έπιιιάμψψει38
1096 2123 1180 2213 παρὰ
1202 2123 1270 2199 τοὺς
1291 2127 1452 2214 πλψαψρῖους

342 2229 477 2316 τοίχους,
511 2229 563 2294 καὶ
591 2227 670 2296 κατὰ
696 2227 764 2304 τοδς
794 2229 894 2303 κίονας
922 2217 1086 2315 ἐπικάμψαι
1112 2223 1187 2294 καθ’
1211 2227 1216 2316 Ι
1236 2225 1366 2315 ἑκάστην
1395 2227 1451 2316 τὴν

341 2329 457 2420 χώραν.
484 2323 557 2420 ῧψος
581 2331 614 2398 δέ
636 2328 757 2418 ποιήσει
779 2329 837 2398 ἀπὸ
859 2335 913 2418 τῆς
936 2329 1050 2420 ὀροφῆς
1071 2327 1220 2420 τεττάρων
1251 2333 1362 2414 ποδῶν,
1389 2329 1453 2418 τψήν

342 2434 376 2500 δέ
404 2430 506 2500 ἐπάνω
536 2431 685 2522 ρεσὸμνην
715 2431 773 2501 ἀπὸ
802 2441 856 2520 τῆς
882 2436 987 2522 ἑτέρας
1014 2431 1187 2520 ἀπέχουσαν
1216 2435 1304 2500 πέντε
1339 2431 1451 2508 πόδας.
1530 2457 1531 2460 ’

342 2537 516 2626 ἰκριιυτψὴρα
546 2533 658 2623 στήσας
686 2534 745 2604 ἀπὸ
771 2543 824 2624 τῆς
852 2534 934 2604 κάτω
966 2534 1079 2625 ὀροφῆς
1102 2539 1193 2625 μέχρι
1214 2541 1268 2622 τῆς
1291 2529 1355 2602 άνω
1377 2535 1453 2624 ὀρο-

297 2643 449 2728 θθφῆςῖθ,
473 2636 587 2714 πλάτος
607 2637 790 2728 ἡμιποδψέυυ,
814 2638 912 2728 πάχος
935 2643 964 2714 ἓξ
979 2637 1145 2720 δακτύλων,
1171 2639 1453 2734 διερείσαςδυερεέ-

260 2798 414 2808 ——-—-

255 2880 307 2934 ἀπὸ
324 2886 372 2950 τῆς
389 2877 575 2949 [σμεψυολδήαης
594 2877 784 2948 ἀφαιρεθεῖσαν.
823 2881 977 2948 Improbata
1002 2883 1065 2946 quia
1090 2895 1144 2932 non
1163 2883 1229 2933 satis
1247 2887 1378 2934 accurate
1395 2885 1454 2934 ela·

256 2967 350 3020 borota
369 2970 436 3018 erat·
474 2965 547 3016 ltnde
573 2971 631 3016 tum
653 2964 755 3035 (titillat
774 2981 799 3018 a.
822 2968 895 3032 Chr.)
925 2970 978 3018 lam
997 2967 1090 3018 valvas
1107 2969 1193 3033 portis
1212 2969 1349 3018 immissas
1369 2967 1454 3020 luisse
1530 2957 1531 3026 l

255 3056 368 3119 apparet
388 3051 431 3115 (cl.
452 3054 507 3102 not.
530 3051 565 3113 ν).
674 3055 705 3102 ta
733 3053 766 3102 lli
790 3052 894 3116 lapides
918 3055 989 3104 inter
1006 3053 1148 3104 columnas
1165 3053 1336 3105 collocantur
1354 3056 1401 3114 ita,
1425 3061 1454 3106 ut
1530 3049 1531 3142 ψ

257 3137 346 3188 medio
364 3149 427 3203 pars
445 3133 575 3195 aedificii,
603 3149 656 3200 que
682 3139 811 3189 transitus
829 3141 904 3203 patet
921 3137 1035 3204 populo,
1056 3139 1201 3190 dirimatur
1218 3140 1252 3188 ab
1270 3139 1456 3190 intercolum-
1530 3149 1531 3158 ¹

257 3225 317 3274 niis.
391 3225 422 3272 ta
441 3221 526 3274 Trabs
540 3235 635 3286 magna
648 3237 663 3274 a
677 3225 787 3287 pariete.
808 3224 852 3274 cui
871 3225 1024 3274 immittitur
1042 3225 1069 3274 in
1084 3223 1280 3290 longitudinem
1293 3225 1379 3274 trium
1392 3225 1455 3291 pal·

257 3321 375 3370 marum,
396 3309 512 3372 pertinet
529 3321 616 3374 usque
634 3309 670 3360 ad
688 3308 859 3372 columnam,
886 3311 956 3360 iuxta
976 3323 1058 3375 quam
1076 3309 1129 3375 pila
1150 3309 1255 3374 lapidea
1275 3312 1456 3362 constituitur
1530 3301 1531 3358 t

257 3395 338 3458 eique
356 3397 475 3446 extrema
493 3407 556 3460 pars
575 3395 657 3444 trabis
676 3396 832 3458 imponitur.
941 3397 972 3444 st
997 3395 1052 3447 llas
1076 3394 1166 3446 trabes
1191 3394 1283 3446 media
1304 3397 1347 3446 sui
1374 3399 1455 3461 parte
1530 3397 1531 3450 l

257 3485 429 3532 transversae
452 3481 628 3545 imponuntur
652 3477 806 3548 διερείσματι
832 3484 860 3531 et
877 3480 977 3531 deiude
996 3479 1096 3532 tabulis
1115 3479 1209 3543 ligneis
1228 3479 1454 3534 contribulantur.
1530 3529 1531 3570 ,

258 3571 289 3618 ts
308 3566 382 3628 Quae
401 3567 544 3629 hucusque
561 3566 697 3632 descripta
715 3570 757 3617 est
775 3566 959 3618 contabulatio
978 3563 1096 3636 (ὀροφή),
1118 3580 1150 3618 ca
1168 3565 1202 3618 ab
1220 3579 1387 3632 unaquaque
1406 3582 1459 3618 αο-
1530 3581 1531 3624 fi

257 3653 351 3703 lumne
369 3651 403 3704 ad
416 3652 548 3716 parietem
561 3653 691 3716 pertinct3
711 3655 804 3704 contra
818 3654 887 3718 tigna
902 3650 1056 3721 (μεσόμναι),
1071 3653 1105 3703 dc
1124 3651 1225 3718 quibus
1244 3665 1319 3702 nunc
1337 3653 1456 3716 dicitur,
1530 3645 1531 3656 ¹

257 3741 330 3789 recta
349 3738 434 3802 ipsius
452 3738 564 3802 pariatis
582 3738 691 3800 regione
709 3749 739 3788 so
758 3737 918 3804 excipiunt}
943 3737 1052 3790 Tabulis
1071 3741 1192 3788 contecta
1212 3751 1266 3788 non
1285 3741 1364 3799 sunt,
1390 3740 1460 3804 quia

257 3825 285 3876 lu
307 3825 539 3874 armamentorum
563 3823 665 3886 quibus
694 3823 859 3874 sustinendis
882 3823 1035 3874 inserviunt
1059 3827 1155 3874 natura
1180 3825 1245 3884 (not.
1267 3827 1309 3885 tot
1336 3823 1364 3873 id
1384 3835 1460 3890 opus

259 3921 312 3958 non
331 3911 381 3958 ost.
454 3911 487 3957 36
506 3907 545 3956 Do
558 3907 610 3957 hoo
622 3912 851 3958 armamentorum
870 3921 968 3971 genera
986 3906 1164 3960 subtilissime
1183 3909 1331 3974 disputavit
1344 3907 1460 3960 Boeclrh
1530 3921 1531 3926 ¹

258 3995 371 4046 Securlr.
391 4007 418 4058 ρ.
434 3997 555 4058 tttsqq.
593 3994 682 4045 Funes
706 3998 767 4044 sunt
792 3994 891 4056 crassi,
918 3992 1019 4058 quibus
1046 3995 1172 4046 ἰιαολσο
1187 3997 1270 4057 puppi
1292 3995 1326 4043 cd
1343 4007 1459 4057 prorum

258 4079 415 4131 continetur’
437 4079 551 4142 (vitruv.
572 4079 606 4142 X,
629 4083 669 4141 ts,
693 4079 728 4142 6).
830 4083 860 4128 at
881 4079 940 4130 Duo
959 4081 1095 4142 tignorum
1113 4079 1223 4130 ordines
1241 4077 1358 4129 faciendi
1378 4083 1458 4140 sunt,

259 4165 328 4216 alter
346 4177 428 4230 supro
446 4165 571 4215 altorum.
644 4167 675 4213 ts
695 4163 830 4223 Quantum
850 4164 943 4224 video.
968 4164 1019 4214 hoo
1037 4164 1122 4215 verbo
1141 4164 1316 4228 significatur,
1337 4164 1394 4216 illis
1415 4165 1461 4216 lo·

258 4251 298 4300 cis
316 4263 381 4313 non,
401 4254 431 4302 ut
449 4255 588 4316 praeterea
606 4249 718 4314 ubique,
739 4251 811 4312 tigna
830 4252 903 4298 recto
922 4251 1019 4313 angulo
1038 4251 1191 4313 superista
1211 4251 1375 4315 prominere,
1403 4251 1460 4300 sed
1530 4309 1531 4318 χ

259 4333 368 4398 oblique
396 4338 481 4400 posite
510 4349 586 4397 essa,
615 4337 688 4400 quod
722 4349 774 4400 qua
802 4335 837 4384 de
864 4347 945 4386 causa
974 4335 1072 4386 lectum
1101 4333 1137 4384 sit
1168 4334 1246 4386 facilc
1276 4335 1462 4400 lntellcgitur.
1530 4357 1531 4396 t

261 4421 293 4466 39
322 4419 380 4470 lloc
398 4433 452 4471 non
471 4423 537 4472 satis
560 4423 702 4487 perspicue
727 4422 857 4486 scriptum
882 4423 932 4480 cst,
960 4433 1022 4470 nem
1050 4421 1140 4470 adhuc
1167 4419 1201 4470 de
1230 4421 1343 4485 singulis
1372 4423 1463 4472 modo
1530 4399 1531 4488 ψ
